@inproceedings{Bolosky:1989:SBE:74850.74854,
 author = {Bolosky, W. and Fitzgerald, R. and Scott, M.},
 title = {Simple but Effective Techniques for NUMA Memory Management},
 booktitle = {Proceedings of the Twelfth ACM Symposium on Operating Systems Principles},
 series = {SOSP '89},
 year = {1989},
 isbn = {0-89791-338-8},
 pages = {19--31},
 numpages = {13},
 url = {http://doi.acm.org/10.1145/74850.74854},
 doi = {10.1145/74850.74854},
 acmid = {74854},
 publisher = {ACM},
 address = {New York, NY, USA},
} 

@inproceedings{Bolosky:1991:NPR:106972.106994,
 author = {Bolosky, William J. and Scott, Michael L. and Fitzgerald, Robert P. and Fowler, Robert J. and Cox, Alan L.},
 title = {NUMA Policies and Their Relation to Memory Architecture},
 booktitle = {Proceedings of the Fourth International Conference on Architectural Support for Programming Languages and Operating Systems},
 series = {ASPLOS IV},
 year = {1991},
 isbn = {0-89791-380-9},
 location = {Santa Clara, California, USA},
 pages = {212--221},
 numpages = {10},
 url = {http://doi.acm.org/10.1145/106972.106994},
 doi = {10.1145/106972.106994},
 acmid = {106994},
 publisher = {ACM},
 address = {New York, NY, USA},
} 

@inproceedings{Lachaize:2012:MMP:2342821.2342826,
 author = {Lachaize, Renaud and Lepers, Baptiste and Qu{\'e}ma, Vivien},
 title = {MemProf: A Memory Profiler for NUMA Multicore Systems},
 booktitle = {Proceedings of the 2012 USENIX Conference on Annual Technical Conference},
 series = {USENIX ATC'12},
 year = {2012},
 location = {Boston, MA},
 pages = {5--5},
 numpages = {1},
 url = {http://dl.acm.org/citation.cfm?id=2342821.2342826},
 acmid = {2342826},
 publisher = {USENIX Association},
 address = {Berkeley, CA, USA},
} 

@inproceedings{SOSDuli,
 author = {Li, Du and Srisa-an, Witawas and Dwyer, Matthew B.},
 title = {SOS: Saving Time in Dynamic Race Detection with Stationary Analysis},
 booktitle = {Proceedings of the 2011 ACM International Conference on Object Oriented Programming Systems Languages and Applications},
 series = {OOPSLA '11},
 year = {2011},
 isbn = {978-1-4503-0940-0},
 location = {Portland, Oregon, USA},
 pages = {35--50},
 numpages = {16},
 url = {http://doi.acm.org/10.1145/2048066.2048072},
 doi = {10.1145/2048066.2048072},
 acmid = {2048072},
 publisher = {ACM},
 address = {New York, NY, USA},
 keywords = {concurrency, monitoring, race, threading},
} 



@inproceedings{DBLP:conf/IEEEpact/DrebesPH0D16,
  author    = {Andi Drebes and
               Antoniu Pop and
               Karine Heydemann and
               Albert Cohen and
               Nathalie Drach},
  editor    = {Ayal Zaks and
               Bilha Mendelson and
               Lawrence Rauchwerger and
               Wen{-}mei W. Hwu},
  title     = {Scalable Task Parallelism for {NUMA:} {A} Uniform Abstraction for
               Coordinated Scheduling and Memory Management},
  booktitle = {Proceedings of the 2016 International Conference on Parallel Architectures
               and Compilation, {PACT} 2016, Haifa, Israel, September 11-15, 2016},
  pages     = {125--137},
  publisher = {{ACM}},
  year      = {2016},
  url       = {https://doi.org/10.1145/2967938.2967946},
  doi       = {10.1145/2967938.2967946},
  timestamp = {Wed, 16 Oct 2019 14:14:52 +0200},
  biburl    = {https://dblp.org/rec/conf/IEEEpact/DrebesPH0D16.bib},
  bibsource = {dblp computer science bibliography, https://dblp.org}
}

@inproceedings{DBLP:conf/cgo/ZengR0AJ014,
  author    = {Qiang Zeng and
               Junghwan Rhee and
               Hui Zhang and
               Nipun Arora and
               Guofei Jiang and
               Peng Liu},
  title     = {DeltaPath: Precise and Scalable Calling Context Encoding},
  booktitle = {12th Annual {IEEE/ACM} International Symposium on Code Generation
               and Optimization, {CGO} 2014, Orlando, FL, USA, February 15-19, 2014},
  pages     = {109},
  year      = {2014},
  crossref  = {DBLP:conf/cgo/2014},
  url       = {https://dl.acm.org/citation.cfm?id=2544150},
  timestamp = {Fri, 30 Nov 2018 12:48:46 +0100},
  biburl    = {https://dblp.org/rec/conf/cgo/ZengR0AJ014.bib},
  bibsource = {dblp computer science bibliography, https://dblp.org}
}

@inproceedings{DBLP:conf/icse/SumnerZWZ10,
  author    = {William N. Sumner and
               Yunhui Zheng and
               Dasarath Weeratunge and
               Xiangyu Zhang},
  title     = {Precise calling context encoding},
  booktitle = {Proceedings of the 32nd {ACM/IEEE} International Conference on Software
               Engineering - Volume 1, {ICSE} 2010, Cape Town, South Africa, 1-8
               May 2010},
  pages     = {525--534},
  year      = {2010},
  crossref  = {DBLP:conf/icse/2010-1},
  url       = {https://doi.org/10.1145/1806799.1806875},
  doi       = {10.1145/1806799.1806875},
  timestamp = {Tue, 06 Nov 2018 11:06:55 +0100},
  biburl    = {https://dblp.org/rec/conf/icse/SumnerZWZ10.bib},
  bibsource = {dblp computer science bibliography, https://dblp.org}
}

@inproceedings{terboven2012assessing,
  title={Assessing OpenMP tasking implementations on NUMA architectures},
  author={Terboven, Christian and Schmidl, Dirk and Cramer, Tim and an Mey, Dieter},
  booktitle={International Workshop on OpenMP},
  pages={182--195},
  year={2012},
  organization={Springer}
}

@inproceedings{terboven2012task,
  title={Task-parallel programming on NUMA architectures},
  author={Terboven, Christian and Schmidl, Dirk and Cramer, Tim and an Mey, Dieter},
  booktitle={European Conference on Parallel Processing},
  pages={638--649},
  year={2012},
  organization={Springer}
}


@inproceedings{Blagodurov:2011:CNC:2002181.2002182,
 author = {Blagodurov, Sergey and Zhuravlev, Sergey and Dashti, Mohammad and Fedorova, Alexandra},
 title = {A Case for NUMA-aware Contention Management on Multicore Systems},
 booktitle = {Proceedings of the 2011 USENIX Conference on USENIX Annual Technical Conference},
 series = {USENIXATC'11},
 year = {2011},
 location = {Portland, OR},
 pages = {1--1},
 numpages = {1},
 url = {http://dl.acm.org/citation.cfm?id=2002181.2002182},
 acmid = {2002182},
 publisher = {USENIX Association},
 address = {Berkeley, CA, USA},
} 

@inproceedings{diener2015locality,
  title={Locality vs. Balance: Exploring data mapping policies on NUMA systems},
  author={Diener, Matthias and Cruz, Eduardo HM and Navaux, Philippe OA},
  booktitle={2015 23rd Euromicro International Conference on Parallel, Distributed, and Network-Based Processing},
  pages={9--16},
  year={2015},
  organization={IEEE}
}

@article{lameter2013numa,
  title={Numa (non-uniform memory access): An overview},
  author={Lameter, Christoph},
  journal={Queue},
  volume={11},
  number={7},
  pages={40--51},
  year={2013},
  publisher={ACM New York, NY, USA}
}


@inproceedings{Dashti:2013:TMH:2451116.2451157,
 author = {Dashti, Mohammad and Fedorova, Alexandra and Funston, Justin and Gaud, Fabien and Lachaize, Renaud and Lepers, Baptiste and Quema, Vivien and Roth, Mark},
 title = {Traffic Management: A Holistic Approach to Memory Placement on NUMA Systems},
 booktitle = {Proceedings of the Eighteenth International Conference on Architectural Support for Programming Languages and Operating Systems},
 series = {ASPLOS '13},
 year = {2013},
 isbn = {978-1-4503-1870-9},
 location = {Houston, Texas, USA},
 pages = {381--394},
 numpages = {14},
 url = {http://doi.acm.org/10.1145/2451116.2451157},
 doi = {10.1145/2451116.2451157},
 acmid = {2451157},
 publisher = {ACM},
 address = {New York, NY, USA},
 keywords = {multicore, numa, operating systems, scheduling},
} 

@inproceedings{Lepers:2015:TMP:2813767.2813788,
 author = {Lepers, Baptiste and Qu{\'e}ma, Vivien and Fedorova, Alexandra},
 title = {Thread and Memory Placement on NUMA Systems: Asymmetry Matters},
 booktitle = {Proceedings of the 2015 USENIX Conference on Usenix Annual Technical Conference},
 series = {USENIX ATC '15},
 year = {2015},
 isbn = {978-1-931971-225},
 location = {Santa Clara, CA},
 pages = {277--289},
 numpages = {13},
 url = {http://dl.acm.org/citation.cfm?id=2813767.2813788},
 acmid = {2813788},
 publisher = {USENIX Association},
 address = {Berkeley, CA, USA},
} 

@inproceedings{wagle2015numa,
  title={NUMA-aware memory management with in-memory databases},
  author={Wagle, Mehul and Booss, Daniel and Schreter, Ivan and Egenolf, Daniel},
  booktitle={Technology Conference on Performance Evaluation and Benchmarking},
  pages={45--60},
  year={2015},
  organization={Springer}
}

@inproceedings{healy2010design,
  title={Design and analysis of 3D-MAPS: A many-core 3D processor with stacked memory},
  author={Healy, Michael B and Athikulwongse, Krit and Goel, Rohan and Hossain, Mohammad M and Kim, Dae Hyun and Lee, Young-Joon and Lewis, Dean L and Lin, Tzu-Wei and Liu, Chang and Jung, Moongon and others},
  booktitle={Custom Integrated Circuits Conference (CICC), 2010 IEEE},
  pages={1--4},
  year={2010},
  organization={IEEE}
}

@techreport{cantalupo2015memkind,
  title={memkind: An Extensible Heap Memory Manager for Heterogeneous Memory Platforms and Mixed Memory Policies.},
  author={Cantalupo, Christopher and Venkatesan, Vishwanath and Hammond, Jeff and Czurlyo, Krzysztof and Hammond, Simon David},
  year={2015},
  institution={Sandia National Lab.(SNL-NM), Albuquerque, NM (United States)}
}

@phdthesis{kim2013node,
  title={Node-oriented dynamic memory management for real-time systems on ccNUMA architecture systems},
  author={Kim, Seyeon},
  year={2013},
  school={University of York}
}

@article{yang2019jarena,
  title={JArena: Partitioned Shared Memory for NUMA-awareness in Multi-threaded Scientific Applications},
  author={Yang, Zhang and Zhang, Aiqing and Mo, Zeyao},
  journal={arXiv preprint arXiv:1902.07590},
  year={2019}
}

@inproceedings{Scalloc,
 author = {Aigner, Martin and Kirsch, Christoph M. and Lippautz, Michael and Sokolova, Ana},
 title = {Fast, Multicore-scalable, Low-fragmentation Memory Allocation Through Large Virtual Memory and Global Data Structures},
 booktitle = {Proceedings of the 2015 ACM SIGPLAN International Conference on Object-Oriented Programming, Systems, Languages, and Applications},
 series = {OOPSLA 2015},
 year = {2015},
 isbn = {978-1-4503-3689-5},
 location = {Pittsburgh, PA, USA},
 pages = {451--469},
 numpages = {19},
 url = {http://doi.acm.org/10.1145/2814270.2814294},
 doi = {10.1145/2814270.2814294},
 acmid = {2814294},
 publisher = {ACM},
 address = {New York, NY, USA},
 keywords = {Memory allocator, concurrent data structures, multicore scalability, virtual memory},
} 

@inproceedings{Bui:2019:EPV:3302424.3303960,
 author = {Bui, Bao and Mvondo, Djob and Teabe, Boris and Jiokeng, Kevin and Wapet, Lavoisier and Tchana, Alain and Thomas, Ga\"{e}l and Hagimont, Daniel and Muller, Gilles and DePalma, Noel},
 title = {When eXtended Para - Virtualization (XPV) Meets NUMA},
 booktitle = {Proceedings of the Fourteenth EuroSys Conference 2019},
 series = {EuroSys '19},
 year = {2019},
 isbn = {978-1-4503-6281-8},
 location = {Dresden, Germany},
 pages = {7:1--7:15},
 articleno = {7},
 numpages = {15},
 url = {http://doi.acm.org/10.1145/3302424.3303960},
 doi = {10.1145/3302424.3303960},
 acmid = {3303960},
 publisher = {ACM},
 address = {New York, NY, USA},
 keywords = {NUMA, Virtualization},
} 

@article{mundt2007asymmetric,
  title={Asymmetric NUMA: Multiple-memory management for the rest of us.},
  author={Mundt, Paul},
  journal={System, Vol. N/A},
  pages={1--5},
  year={2007}
}


@inproceedings{Diener:2014:KAK:2628071.2628085,
 author = {Diener, Matthias and Cruz, Eduardo H.M. and Navaux, Philippe O.A. and Busse, Anselm and Hei\ss, Hans-Ulrich},
 title = {kMAF: Automatic Kernel-level Management of Thread and Data Affinity},
 booktitle = {Proceedings of the 23rd International Conference on Parallel Architectures and Compilation},
 series = {PACT '14},
 year = {2014},
 isbn = {978-1-4503-2809-8},
 location = {Edmonton, AB, Canada},
 pages = {277--288},
 numpages = {12},
 url = {http://doi.acm.org/10.1145/2628071.2628085},
 doi = {10.1145/2628071.2628085},
 acmid = {2628085},
 publisher = {ACM},
 address = {New York, NY, USA},
 keywords = {cache hierarchies, data affinity, numa, thread affinity},
} 


@Inbook{Luo2012,
author="Luo, Qiuming
and Liu, Chenjian
and Kong, Chang
and Cai, Ye",
editor="Park, James J.
and Zomaya, Albert
and Yeo, Sang-Soo
and Sahni, Sartaj",
title="MAP-numa: Access Patterns Used to Characterize the NUMA Memory Access Optimization Techniques and Algorithms",
bookTitle="Network and Parallel Computing: 9th IFIP International Conference, NPC 2012, Gwangju, Korea, September 6-8, 2012. Proceedings",
year="2012",
publisher="Springer Berlin Heidelberg",
address="Berlin, Heidelberg",
pages="208--216",
isbn="978-3-642-35606-3",
doi="10.1007/978-3-642-35606-3_24",
url="http://dx.doi.org/10.1007/978-3-642-35606-3_24"
}

@inproceedings{Bolosky:1989:SBE:74850.74854,
 author = {Bolosky, W. and Fitzgerald, R. and Scott, M.},
 title = {Simple but Effective Techniques for NUMA Memory Management},
 booktitle = {Proceedings of the Twelfth ACM Symposium on Operating Systems Principles},
 series = {SOSP '89},
 year = {1989},
 isbn = {0-89791-338-8},
 pages = {19--31},
 numpages = {13},
 url = {http://doi.acm.org/10.1145/74850.74854},
 doi = {10.1145/74850.74854},
 acmid = {74854},
 publisher = {ACM},
 address = {New York, NY, USA},
} 

@article{memarzia2019toward,
  title={Toward Efficient In-memory Data Analytics on NUMA Systems},
  author={Memarzia, Puya and Ray, Suprio and Bhavsar, Virendra C},
  journal={arXiv preprint arXiv:1908.01860},
  year={2019}
}


@misc{dlmalloc,
  author = {Doug Lea},
  title = {The {GNU} {C} Library},
  howpublished = {"\url{http://www.gnu.org/software/libc/libc.html}"},
  year={1988}
}

@misc{mimalloc,
  author = {Daan Leijen},
  title = {mimalloc},
  howpublished = {"\url{https://github.com/microsoft/mimalloc}"},
  year={2020}
}

@inproceedings{supermalloc,
  title={SuperMalloc: a super fast multithreaded malloc for 64-bit machines},
  author={Kuszmaul, Bradley C},
  booktitle={Proceedings of the 2015 International Symposium on Memory Management},
  pages={41--55},
  year={2015}
}

@article{diener2015automatic,
  title={Automatic task and data mapping in shared memory architectures},
  author={Diener, Matthias},
  year={2015}
}

@inproceedings{Boyd-Wickizer:2010:ALS:1924943.1924944,
 author = {Boyd-Wickizer, Silas and Clements, Austin T. and Mao, Yandong and Pesterev, Aleksey and Kaashoek, M. Frans and Morris, Robert and Zeldovich, Nickolai},
 title = {An Analysis of Linux Scalability to Many Cores},
 booktitle = {Proceedings of the 9th USENIX Conference on Operating Systems Design and Implementation},
 series = {OSDI'10},
 year = {2010},
 location = {Vancouver, BC, Canada},
 pages = {1--16},
 numpages = {16},
 url = {http://dl.acm.org/citation.cfm?id=1924943.1924944},
 acmid = {1924944},
 publisher = {USENIX Association},
 address = {Berkeley, CA, USA},
} 

@inproceedings{amarasinghe2011exascale,
  title={Exascale programming challenges},
  author={Amarasinghe, Saman and Hall, Mary and Lethin, Richard and Pingali, Keshav and Quinlan, Dan and Sarkar, Vivek and Shalf, John and Lucas, Robert and Yelick, Katherine and Balanji, Pavan and others},
  booktitle={Proceedings of the Workshop on Exascale Programming Challenges, Marina del Rey, CA, USA. US Department of Energy, Office of Science, Office of Advanced Scientific Computing Research (ASCR)},
  year={2011}
}

@article{beckman2012exascale,
  title={Exascale operating systems and runtime software report},
  author={Beckman, P and Brightwell, R and de Supinski, BR and Gokhale, M and Hofmeyr, S and Krishnamoorthy, S and Lang, M and Maccabe, B and Shalf, J and Snir, M},
  journal={US Department of Energy, Technical Report, December},
  year={2012}
}

@article{singer2009more,
  title={More chip cores can mean slower supercomputing, Sandia simulation shows},
  author={Singer, N},
  journal={Sandia National Laboratories News Release},
  year={2009}
}

@techreport{pilla2011improving,
  title={Improving parallel system performance with a NUMA-aware load balancer},
  author={Pilla, La{\'e}rcio L and Ribeiro, Christiane Pousa and Cordeiro, Daniel and Bhatele, Abhinav and Navaux, Philippe OA and M{\'e}haut, Jean-Fran{\c{c}}ois and Kal{\'e}, Laxmikant V},
  year={2011}
}

@inproceedings{Eizenberg:2016:ROD:2908080.2908090,
 author = {Eizenberg, Ariel and Hu, Shiliang and Pokam, Gilles and Devietti, Joseph},
 title = {Remix: Online Detection and Repair of Cache Contention for the JVM},
 booktitle = {Proceedings of the 37th ACM SIGPLAN Conference on Programming Language Design and Implementation},
 series = {PLDI '16},
 year = {2016},
 isbn = {978-1-4503-4261-2},
 location = {Santa Barbara, CA, USA},
 pages = {251--265},
 numpages = {15},
 url = {http://doi.acm.org/10.1145/2908080.2908090},
 doi = {10.1145/2908080.2908090},
 acmid = {2908090},
 publisher = {ACM},
 address = {New York, NY, USA},
 keywords = {Java, cache coherence, false sharing},
} 

@inproceedings{luo2016laser,
  title={LASER: Light, Accurate Sharing dEtection and Repair},
  author={Luo, Liang and Sriraman, Akshitha and Fugate, Brooke and Hu, Shiliang and Pokam, Gilles and Newburn, Chris J and Devietti, Joseph},
  booktitle={High Performance Computer Architecture (HPCA), 2016 IEEE International Symposium on},
  pages={261--273},
  year={2016},
  organization={IEEE}
}


@inproceedings{Xian:2008:CSU:1449764.1449778,
 author = {Xian, Feng and Srisa-an, Witawas and Jiang, Hong},
 title = {Contention-aware Scheduler: Unlocking Execution Parallelism in Multithreaded Java Programs},
 booktitle = {Proceedings of the 23rd ACM SIGPLAN Conference on Object-oriented Programming Systems Languages and Applications},
 series = {OOPSLA '08},
 year = {2008},
 isbn = {978-1-60558-215-3},
 location = {Nashville, TN, USA},
 pages = {163--180},
 numpages = {18},
 url = {http://doi.acm.org/10.1145/1449764.1449778},
 doi = {10.1145/1449764.1449778},
 acmid = {1449778},
 publisher = {ACM},
 address = {New York, NY, USA},
 keywords = {java, operating systems, scheduling},
} 

@inproceedings{AgmonBen-Yehuda:2014:GMM:2576195.2576197,
 author = {Agmon Ben-Yehuda, Orna and Posener, Eyal and Ben-Yehuda, Muli and Schuster, Assaf and Mu'alem, Ahuva},
 title = {Ginseng: Market-driven Memory Allocation},
 booktitle = {Proceedings of the 10th ACM SIGPLAN/SIGOPS International Conference on Virtual Execution Environments},
 series = {VEE '14},
 year = {2014},
 isbn = {978-1-4503-2764-0},
 location = {Salt Lake City, Utah, USA},
 pages = {41--52},
 numpages = {12},
 url = {http://doi.acm.org/10.1145/2576195.2576197},
 doi = {10.1145/2576195.2576197},
 acmid = {2576197},
 publisher = {ACM},
 address = {New York, NY, USA},
 keywords = {kvm, memory overcommitment},
} 

@article{eads2014building,
  title={Building an Adaptive Operating System for Predictability and Efficiency},
  author={Eads, Gage and Colmenares, Juan and Hofmeyr, Steven and Bird, Sarah and Bartolini, Davide and Chou, David and Glutzman, Brian and Asanovic, Krste and Kubiatowicz, John D},
  year={2014}
}

@inproceedings{Cramm,
 author = {Yang, Ting and Berger, Emery D. and Kaplan, Scott F. and Moss, J. Eliot B.},
 title = {CRAMM: Virtual Memory Support for Garbage-collected Applications},
 booktitle = {Proceedings of the 7th Symposium on Operating Systems Design and Implementation},
 series = {OSDI '06},
 year = {2006},
 isbn = {1-931971-47-1},
 location = {Seattle, Washington},
 pages = {103--116},
 numpages = {14},
 url = {http://dl.acm.org/citation.cfm?id=1298455.1298466},
 acmid = {1298466},
 publisher = {USENIX Association},
 address = {Berkeley, CA, USA},
} 


@article{kolb2001experiential,
  title={Experiential learning theory: Previous research and new directions},
  author={Kolb, David A and Boyatzis, Richard E and Mainemelis, Charalampos and others},
  journal={Perspectives on thinking, learning, and cognitive styles},
  volume={1},
  number={2001},
  pages={227--247},
  year={2001}
}

@inproceedings{Hirzel:2007:DLO:1254882.1254915,
 author = {Hirzel, Martin},
 title = {Data Layouts for Object-oriented Programs},
 booktitle = {Proceedings of the 2007 ACM SIGMETRICS International Conference on Measurement and Modeling of Computer Systems},
 series = {SIGMETRICS '07},
 year = {2007},
 isbn = {978-1-59593-639-4},
 location = {San Diego, California, USA},
 pages = {265--276},
 numpages = {12},
 url = {http://doi.acm.org/10.1145/1254882.1254915},
 doi = {10.1145/1254882.1254915},
 acmid = {1254915},
 publisher = {ACM},
 address = {New York, NY, USA},
 keywords = {GC, TLB, cache, data layout, data placement, hardware performance counters, memory subsystem, spatial locality},
} 

@inproceedings{Jantz:2013:FAG:2451512.2451543,
 author = {Jantz, Michael R. and Strickland, Carl and Kumar, Karthik and Dimitrov, Martin and Doshi, Kshitij A.},
 title = {A Framework for Application Guidance in Virtual Memory Systems},
 booktitle = {Proceedings of the 9th ACM SIGPLAN/SIGOPS International Conference on Virtual Execution Environments},
 series = {VEE '13},
 year = {2013},
 isbn = {978-1-4503-1266-0},
 location = {Houston, Texas, USA},
 pages = {155--166},
 numpages = {12},
 url = {http://doi.acm.org/10.1145/2451512.2451543},
 doi = {10.1145/2451512.2451543},
 acmid = {2451543},
 publisher = {ACM},
 address = {New York, NY, USA},
 keywords = {containerization, memory management, memory virtualization, performance, power, resource allocation},
} 

@inproceedings{Engler:1995:EOS:224056.224076,
 author = {Engler, D. R. and Kaashoek, M. F. and O'Toole,Jr., J.},
 title = {Exokernel: An Operating System Architecture for Application-level Resource Management},
 booktitle = {Proceedings of the Fifteenth ACM Symposium on Operating Systems Principles},
 series = {SOSP '95},
 year = {1995},
 isbn = {0-89791-715-4},
 location = {Copper Mountain, Colorado, USA},
 pages = {251--266},
 numpages = {16},
 url = {http://doi.acm.org/10.1145/224056.224076},
 doi = {10.1145/224056.224076},
 acmid = {224076},
 publisher = {ACM},
 address = {New York, NY, USA},
} 

@inproceedings{Lattner:2005:APA:1065010.1065027,
 author = {Lattner, Chris and Adve, Vikram},
 title = {Automatic Pool Allocation: Improving Performance by Controlling Data Structure Layout in the Heap},
 booktitle = {Proceedings of the 2005 ACM SIGPLAN Conference on Programming Language Design and Implementation},
 series = {PLDI '05},
 year = {2005},
 isbn = {1-59593-056-6},
 location = {Chicago, IL, USA},
 pages = {129--142},
 numpages = {14},
 url = {http://doi.acm.org/10.1145/1065010.1065027},
 doi = {10.1145/1065010.1065027},
 acmid = {1065027},
 publisher = {ACM},
 address = {New York, NY, USA},
 keywords = {cache, data layout, pool allocation, recursive data structure, static analysis},
} 



@inproceedings{Jantz:2015:CMM:2814270.2814322,
 author = {Jantz, Michael R. and Robinson, Forrest J. and Kulkarni, Prasad A. and Doshi, Kshitij A.},
 title = {Cross-layer Memory Management for Managed Language Applications},
 booktitle = {Proceedings of the 2015 ACM SIGPLAN International Conference on Object-Oriented Programming, Systems, Languages, and Applications},
 series = {OOPSLA 2015},
 year = {2015},
 isbn = {978-1-4503-3689-5},
 location = {Pittsburgh, PA, USA},
 pages = {488--504},
 numpages = {17},
 url = {http://doi.acm.org/10.1145/2814270.2814322},
 doi = {10.1145/2814270.2814322},
 acmid = {2814322},
 publisher = {ACM},
 address = {New York, NY, USA},
 keywords = {Cross-layer, DRAM, Efficiency, HotSpot, Power},
} 

@article{mainemelis2002learning,
  title={Learning styles and adaptive flexibility testing experiential learning theory},
  author={Mainemelis, Charalampos and Boyatzis, Richard E and Kolb, David A},
  journal={Management learning},
  volume={33},
  number={1},
  pages={5--33},
  year={2002},
  publisher={Sage Publications}
}

@book{kolb84,
 AUTHOR       = {D.A. Kolb},
 TITLE        = {Experiential learning: experience as the source of learning and development},
 YEAR         = {1984},
 ADDRESS      = {Englewood Cliffs, NJ},
 PUBLISHER    = {Prentice Hall},
 URL          = {http://www.learningfromexperience.com/images/uploads/process-of-experiential-learning.pdf},
 KEYWORDS     = {Lernen / Development | Kybernetik / Systemtheorie /dynamische Systeme | Lernen |
Erfahrung | Konstruktvismus | Wissen | Kolb, David A. | Piaget, Jean | Dewey, John | Adaptation |
Theorienkonstruktion | knowledge construction | }
}



@inproceedings{Verghese:1996:OSS:237090.237205,
 author = {Verghese, Ben and Devine, Scott and Gupta, Anoop and Rosenblum, Mendel},
 title = {Operating System Support for Improving Data Locality on CC-NUMA Compute Servers},
 booktitle = {Proceedings of the Seventh International Conference on Architectural Support for Programming Languages and Operating Systems},
 series = {ASPLOS VII},
 year = {1996},
 isbn = {0-89791-767-7},
 location = {Cambridge, Massachusetts, USA},
 pages = {279--289},
 numpages = {11},
 url = {http://doi.acm.org/10.1145/237090.237205},
 doi = {10.1145/237090.237205},
 acmid = {237205},
 publisher = {ACM},
 address = {New York, NY, USA},
} 

@article{bal1992replication,
  title={Replication techniques for speeding up parallel applications on distributed systems},
  author={Bal, Henri E and Kaashoek, M Frans and Tanenbaum, Andrew S and Jansen, Jack},
  journal={Concurrency: Practice and Experience},
  volume={4},
  number={5},
  pages={337--355},
  year={1992},
  publisher={Wiley Online Library}
}

@inproceedings{stein1992implementing,
  title={Implementing Lightweight Threads.},
  author={Stein, Dan and Shah, Devang},
  booktitle={USENIX Summer},
  year={1992}
}

@INPROCEEDINGS{Tevanian87machthreads,
    author = {Avadis Tevanian and Jr. and Richard F. Rashid and David B. Golub and David L. Black and Eric Cooper and Michael W. Young},
    title = {Mach Threads and the Unix Kernel: The Battle for Control},
    booktitle = {in Proceedings of the USENIX Summer Conference, USENIX Association},
    year = {1987},
    pages = {185--197}
}

@inproceedings{kepecs1985lightweight,
  title={Lightweight processes for UNIX implementation and applications},
  author={Kepecs, Jonathan},
  booktitle={USENIX Association Conference Proceedings},
  pages={299--308},
  year={1985}
}

@INPROCEEDINGS{1392630,
author={S. Byna and Xian-He Sun and W. Gropp and R. Thakur},
booktitle={2004 IEEE International Conference on Cluster Computing (IEEE Cat. No.04EX935)},
title={Predicting memory-access cost based on data-access patterns},
year={2004},
pages={327-336},
keywords={data structures;optimisation;optimising compilers;program control structures;storage management;array restructuring optimizations;data-access patterns;loop tiling;loop transformations;loop unrolling;memory access locality;memory performance;memory-access cost prediction;runtime tuning systems;scientific applications;Algorithms;Cache memory;Cost function;Equations;Linear algebra;Optimizing compilers;Predictive models;Runtime;Software tools;Sun},
doi={10.1109/CLUSTR.2004.1392630},
ISSN={1552-5244},
month={Sept},
}

@inproceedings{Cox:1993:ACC:165123.165146,
 author = {Cox, Alan L. and Fowler, Robert J.},
 title = {Adaptive Cache Coherency for Detecting Migratory Shared Data},
 booktitle = {Proceedings of the 20th Annual International Symposium on Computer Architecture},
 series = {ISCA '93},
 year = {1993},
 isbn = {0-8186-3810-9},
 location = {San Diego, California, USA},
 pages = {98--108},
 numpages = {11},
 url = {http://doi.acm.org/10.1145/165123.165146},
 doi = {10.1145/165123.165146},
 acmid = {165146},
 publisher = {ACM},
 address = {New York, NY, USA},
} 



@incollection{powell1991sunos,
  title={SunOS multi-thread architecture},
  author={Powell, Mike L and Kleiman, Steve R and Barton, Steve and Shan, D and Stein, Dan and Weeks, Mary},
  booktitle={The SPARC Technical Papers},
  pages={339--372},
  year={1991},
  publisher={Springer}
}

@inproceedings{Kaestle:2015:SSA:2813767.2813787,
 author = {Kaestle, Stefan and Achermann, Reto and Roscoe, Timothy and Harris, Tim},
 title = {Shoal: Smart Allocation and Replication of Memory for Parallel Programs},
 booktitle = {Proceedings of the 2015 USENIX Conference on Usenix Annual Technical Conference},
 series = {USENIX ATC '15},
 year = {2015},
 isbn = {978-1-931971-225},
 location = {Santa Clara, CA},
 pages = {263--276},
 numpages = {14},
 url = {http://dl.acm.org/citation.cfm?id=2813767.2813787},
 acmid = {2813787},
 publisher = {USENIX Association},
 address = {Berkeley, CA, USA},
} 

@inproceedings{WilliamsI0L18,
  author    = {Sean Williams and
               Latchesar Ionkov and
               Michael Lang and
               Jason Lee},
  title     = {Heterogeneous Memory and Arena-Based Heap Allocation},
  booktitle = {Proceedings of the Workshop on Memory Centric High Performance Computing,
               MCHPC@SC 2018, Dallas, TX, USA, November 11, 2018},
  pages     = {67--71},
  year      = {2018},
  crossref  = {DBLP:conf/sc/2018mchpc},
  url       = {https://doi.org/10.1145/3286475.3286568},
  doi       = {10.1145/3286475.3286568},
  timestamp = {Sat, 22 Dec 2018 17:30:19 +0100},
  biburl    = {https://dblp.org/rec/conf/sc/WilliamsI0L18.bib},
  bibsource = {dblp computer science bibliography, https://dblp.org}
}

@inproceedings{Brorsson:1994:MAM:2061038.2061331,
 author = {Brorsson and Stenstrom},
 title = {Modelling Accesses to Migratory and Producer-consumer Characterised Data in a Shared Memory Multiprocessor},
 booktitle = {Proceedings of the 1994 6th IEEE Symposium on Parallel and Distributed Processing},
 series = {SPDP '94},
 year = {1994},
 isbn = {0-8186-6427-4},
 pages = {612--619},
 numpages = {8},
 url = {http://dx.doi.org/10.1109/SPDP.1994.346116},
 doi = {10.1109/SPDP.1994.346116},
 acmid = {2061331},
 publisher = {IEEE Computer Society},
 address = {Washington, DC, USA},
 keywords = {producer-consumer characterised data, shared memory multiprocessor, directory-based write-invalidate cache coherence protocols, cache misses, coherence actions, data sharing, producer-consumer data, real programs, reference generator, accurate estimates, directory replacement misses},
} 



@inproceedings{Subramanian:1998:IMP:1268256.1268265,
 author = {Subramanian, Indira and Mather, Cliff and Peterson, Kurt and Raghunath, Balakrishna},
 title = {Implementation of Multiple Pagesize Support in HP-UX},
 booktitle = {Proceedings of the Annual Conference on USENIX Annual Technical Conference},
 series = {ATEC '98},
 year = {1998},
 location = {New Orleans, Louisiana},
 pages = {9--9},
 numpages = {1},
 url = {http://dl.acm.org/citation.cfm?id=1268256.1268265},
 acmid = {1268265},
 publisher = {USENIX Association},
 address = {Berkeley, CA, USA},
} 

@MISC{Bennett91towardlarge-scale,
    author = {John K. Bennett and John B. Carter and Willy Zwaenepoel},
    title = {Toward Large-Scale Shared Memory Multiprocessing},
    year = {1991}
}

@MISC{twittrends,
  author = {Twitter}, 
  title = {Worldwide Trends},
  howpublished = "\url{https://twitter.com/hashtag/worldwide?src=hash}",
}

@MISC{LinuxNUMASupport1,
    author = {Pat Gaughen},
    title = {NUMA Status},
    year = {2002},
    howpublished = "\url{http://lse.sourceforge.net/numa/status/description.html}"
}

@MISC{LinuxNUMASupport2,
    author = {osgx},
    title = {Shared Library bottleneck on NUMA machine},
    year = {2012},
    howpublished = "\url{http://lse.sourceforge.net/numa/status/description.html}"
}

@MISC{LinuxNUMASupport3,
    author = {Patrick Ladd},
    title = {NUMA Memory Architectures and the
Linux Memory System},
    year = {2016},
    howpublished = "\url{http://pok.acm.org/foils/Ladd16.pdf}"
}

@inproceedings{Drebes:2016:STP:2967938.2967946,
 author = {Drebes, Andi and Pop, Antoniu and Heydemann, Karine and Cohen, Albert and Drach, Nathalie},
 title = {Scalable Task Parallelism for NUMA: A Uniform Abstraction for Coordinated Scheduling and Memory Management},
 booktitle = {Proceedings of the 2016 International Conference on Parallel Architectures and Compilation},
 series = {PACT '16},
 year = {2016},
 isbn = {978-1-4503-4121-9},
 location = {Haifa, Israel},
 pages = {125--137},
 numpages = {13},
 url = {http://doi.acm.org/10.1145/2967938.2967946},
 doi = {10.1145/2967938.2967946},
 acmid = {2967946},
 publisher = {ACM},
 address = {New York, NY, USA},
 keywords = {data-flow programming, memory allocation, numa, scheduling, task-parallel programming},
} 


@MISC{LinuxNUMASupport4,
    author = {Fredrik Teschke, Lukas Pirl},
    title = {Linux NUMA evolution},	
    year = {2016},
    howpublished = "\url{https://www.dcl.hpi.uni-potsdam.de/teaching/numasem/slides/NUMASem_Linux_NUMA_evolution.pdf}"
}

@MISC{Apache,
    author = {Apache Community},
    title = {The Apache HTTP Server Project}, 
    howpublished = "\url{https://httpd.apache.org/}",
    year = {2016}
}


@MISC{memoryproject,
    author = {Tongping Liu, Dakai Zhu},
    title = {Memory Allocator Project},	
    year = {2016},
    howpublished = "\url{http://www.cs.utsa.edu/~tongpingliu/teaching/cs3733/assignment3/assign3.html}"
}

@INPROCEEDINGS{Robbins99empiricalexploration,
    author = {Steven Robbins and Kay A. Robbins},
    title = {Empirical Exploration in Undergraduate Operating Systems},
    booktitle = {Proc. 30th SIGCSE Technical Symposium on Computer Science Education},
    year = {1999},
    pages = {311--315}
}

@misc{RR,
 title = {rr: lightweight recording \& deterministic debugging},
 author = "{Mozilla Corporation}",
 howpublished = "\url{http://rr-project.org/}",
}


@article{chan2015pcanet,
  title={Pcanet: A simple deep learning baseline for image classification?},
  author={Chan, Tsung-Han and Jia, Kui and Gao, Shenghua and Lu, Jiwen and Zeng, Zinan and Ma, Yi},
  journal={IEEE Transactions on Image Processing},
  volume={24},
  number={12},
  pages={5017--5032},
  year={2015},
  publisher={IEEE}
}

@article{hinton2012deep,
  title={Deep neural networks for acoustic modeling in speech recognition: The shared views of four research groups},
  author={Hinton, Geoffrey and Deng, Li and Yu, Dong and Dahl, George E and Mohamed, Abdel-rahman and Jaitly, Navdeep and Senior, Andrew and Vanhoucke, Vincent and Nguyen, Patrick and Sainath, Tara N and others},
  journal={IEEE Signal Processing Magazine},
  volume={29},
  number={6},
  pages={82--97},
  year={2012},
  publisher={IEEE}
}

@inproceedings{merolla2011digital,
  title={A digital neurosynaptic core using embedded crossbar memory with 45pJ per spike in 45nm},
  author={Merolla, Paul and Arthur, John and Akopyan, Filipp and Imam, Nabil and Manohar, Rajit and Modha, Dharmendra S},
  booktitle={Custom Integrated Circuits Conference (CICC), 2011 IEEE},
  pages={1--4},
  year={2011},
  organization={IEEE}
}



@MISC{LinuxNUMASupport5,
    author = {JJohn Blackwood},
    title = {An Overview of  Kernel Text Page 
Replication in RedHawk Linux®6.3 },
    howpublished = "\url{https://www.concurrent.com/wp-content/uploads/2015/04/kernel-page-replication.pdf}",
    year = {2012}
}

@misc{hsu2001process,
  title={Process for forming a memory structure that includes NVRAM, DRAM, and/or SRAM memory structures on one substrate and process for forming a new NVRAM cell structure},
  author={Hsu, Louis Lu-Chen and Mandelman, Jack Allan and Assaderaghi, Fariborz},
  year={2001},
  month=may # "~15",
  publisher={Google Patents},
  note={US Patent 6,232,173}
}

@misc{ogura1998low,
  title={Low voltage EEPROM/NVRAM transistors and making method},
  author={Ogura, Seiki},
  year={1998},
  month=jul # "~14",
  publisher={Google Patents},
  note={US Patent 5,780,341}
}

@MISC{ptmalloc,
    author = {Wolfram Gloger},
    title = {Wolfram Gloger's malloc homepage},
    year = {2006}
}


@MISC{ibmquantum,
    author = {IBM},
    title = {IBM Quantum Experience},
    howpublished = "\url{http://www.research.ibm.com/quantum/}",
}

@MISC{clonemanual,
	author = {Michael Kerrisk},
	title = {CLONE(2) Linux Programmer's Manual},
	howpublished = "\url{http://man7.org/linux/man-pages/man2/clone.2.html}",
}

@MISC{rise,
  title = {RISE at the University of Texas at San Antonio},
  howpublished = "\url{http://www.utsa.edu/mbrs/}",
}

@MISC{txsef,
  title = {Texas Science and Engineering Fair},
  howpublished = "\url{https://www.txsef.org/}",
}

@misc{codejam,
title ={Youth Code Jam | Learn To Code in San Antonio},
year={2016},
howpublished={\url{www.youthcodejam.org/}},
}

@misc{utsaminority,
  title = {UTSA Strategic Plan}, 
  howpublished={\url{www.utsa.edu/tierone/strategy/2016/5.html}},
}


@article{Repenning:2015:SGD:2767124.2700517,
 author = {Repenning, Alexander and Webb, David C. and Koh, Kyu Han and Nickerson, Hilarie and Miller, Susan B. and Brand, Catharine and Horses, Ian Her Many and Basawapatna, Ashok and Gluck, Fred and Grover, Ryan and Gutierrez, Kris and Repenning, Nadia},
 title = {Scalable Game Design: A Strategy to Bring Systemic Computer Science Education to Schools Through Game Design and Simulation Creation},
 journal = {Trans. Comput. Educ.},
 issue_date = {May 2015},
 volume = {15},
 number = {2},
 month = apr,
 year = {2015},
 issn = {1946-6226},
 pages = {11:1--11:31},
 articleno = {11},
 numpages = {31},
 url = {http://doi.acm.org/10.1145/2700517},
 doi = {10.1145/2700517},
 acmid = {2700517},
 publisher = {ACM},
 address = {New York, NY, USA},
 keywords = {Latent Semantic Analysis, STEM, elementary schools, game design, middle schools, programming},
} 


@inproceedings{Barrow-Williams:2009:CCS:1678998.1680785,
 author = {Barrow-Williams, Nick and Fensch, Christian and Moore, Simon},
 title = {A Communication Characterisation of Splash-2 and Parsec},
 booktitle = {Proceedings of the 2009 IEEE International Symposium on Workload Characterization (IISWC)},
 series = {IISWC '09},
 year = {2009},
 isbn = {978-1-4244-5156-2},
 pages = {86--97},
 numpages = {12},
 url = {http://dx.doi.org/10.1109/IISWC.2009.5306792},
 doi = {10.1109/IISWC.2009.5306792},
 acmid = {1680785},
 publisher = {IEEE Computer Society},
 address = {Washington, DC, USA},
} 


@inproceedings{Weber:1989:ACI:70082.68205,
 author = {Weber, W. and Gupta, A.},
 title = {Analysis of Cache Invalidation Patterns in Multiprocessors},
 booktitle = {Proceedings of the Third International Conference on Architectural Support for Programming Languages and Operating Systems},
 series = {ASPLOS III},
 year = {1989},
 isbn = {0-89791-300-0},
 location = {Boston, Massachusetts, USA},
 pages = {243--256},
 numpages = {14},
 url = {http://doi.acm.org/10.1145/70082.68205},
 doi = {10.1145/70082.68205},
 acmid = {68205},
 publisher = {ACM},
 address = {New York, NY, USA},
} 

@inproceedings{Bennett:1990:ASC:325164.325124,
 author = {Bennett, John K. and Carter, John B. and Zwaenepoel, Willy},
 title = {Adaptive Software Cache Management for Distributed Shared Memory Architectures},
 booktitle = {Proceedings of the 17th Annual International Symposium on Computer Architecture},
 series = {ISCA '90},
 year = {1990},
 isbn = {0-89791-366-3},
 location = {Seattle, Washington, USA},
 pages = {125--134},
 numpages = {10},
 url = {http://doi.acm.org/10.1145/325164.325124},
 doi = {10.1145/325164.325124},
 acmid = {325124},
 publisher = {ACM},
 address = {New York, NY, USA},
} 

@inproceedings{Pham:2015:LPL:2830772.2830773,
 author = {Pham, Binh and Vesel\'{y}, J\'{a}n and Loh, Gabriel H. and Bhattacharjee, Abhishek},
 title = {Large Pages and Lightweight Memory Management in Virtualized Environments: Can You Have It Both Ways?},
 booktitle = {Proceedings of the 48th International Symposium on Microarchitecture},
 series = {MICRO-48},
 year = {2015},
 isbn = {978-1-4503-4034-2},
 location = {Waikiki, Hawaii},
 pages = {1--12},
 numpages = {12},
 url = {http://doi.acm.org/10.1145/2830772.2830773},
 doi = {10.1145/2830772.2830773},
 acmid = {2830773},
 publisher = {ACM},
 address = {New York, NY, USA},
 keywords = {TLB, speculation, virtual memory, virtualization},
} 


@inproceedings{Gaud:2014:LPM:2643634.2643659,
 author = {Gaud, Fabien and Lepers, Baptiste and Decouchant, Jeremie and Funston, Justin and Fedorova, Alexandra and Qu{\'e}ma, Vivien},
 title = {Large Pages May Be Harmful on NUMA Systems},
 booktitle = {Proceedings of the 2014 USENIX Conference on USENIX Annual Technical Conference},
 series = {USENIX ATC'14},
 year = {2014},
 isbn = {978-1-931971-10-2},
 location = {Philadelphia, PA},
 pages = {231--242},
 numpages = {12},
 url = {http://dl.acm.org/citation.cfm?id=2643634.2643659},
 acmid = {2643659},
 publisher = {USENIX Association},
 address = {Berkeley, CA, USA},
} 

@article{Smith:1982:CM:356887.356892,
 author = {Smith, Alan Jay},
 title = {Cache Memories},
 journal = {ACM Comput. Surv.},
 issue_date = {Sept. 1982},
 volume = {14},
 number = {3},
 month = sep,
 year = {1982},
 issn = {0360-0300},
 pages = {473--530},
 numpages = {58},
 url = {http://doi.acm.org/10.1145/356887.356892},
 doi = {10.1145/356887.356892},
 acmid = {356892},
 publisher = {ACM},
 address = {New York, NY, USA},
} 


@inproceedings{Denning:1971:MPB:1478873.1478998,
 author = {Denning, Peter J.},
 title = {On Modeling Program Behavior},
 booktitle = {Proceedings of the May 16-18, 1972, Spring Joint Computer Conference},
 series = {AFIPS '72 (Spring)},
 year = {1972},
 location = {Atlantic City, New Jersey},
 pages = {937--944},
 numpages = {8},
 url = {http://doi.acm.org/10.1145/1478873.1478998},
 doi = {10.1145/1478873.1478998},
 acmid = {1478998},
 publisher = {ACM},
 address = {New York, NY, USA},
} 


@INPROCEEDINGS{Winwood02multiplepage,
    author = {Simon Winwood and Yefim Shuf and Hubertus Franke},
    title = {Multiple Page Size Support in the Linux Kernel},
    booktitle = {In Proceedings of Ottawa Linux Symposium},
    year = {2002}
}


@inproceedings{Gawade:2015:NOT:2771937.2771948,
 author = {Gawade, Mrunal and Kersten, Martin},
 title = {NUMA Obliviousness Through Memory Mapping},
 booktitle = {Proceedings of the 11th International Workshop on Data Management on New Hardware},
 series = {DaMoN'15},
 year = {2015},
 isbn = {978-1-4503-3638-3},
 location = {Melbourne, VIC, Australia},
 pages = {4:1--4:7},
 articleno = {4},
 numpages = {7},
 url = {http://doi.acm.org/10.1145/2771937.2771948},
 doi = {10.1145/2771937.2771948},
 acmid = {2771948},
 publisher = {ACM},
 address = {New York, NY, USA},
 keywords = {NUMA, memory mapped IO, multi-socket CPUs},
} 

@inproceedings{Ogasawara:2009:NMM:1640089.1640117,
 author = {Ogasawara, Takeshi},
 title = {NUMA-aware Memory Manager with Dominant-thread-based Copying GC},
 booktitle = {Proceedings of the 24th ACM SIGPLAN Conference on Object Oriented Programming Systems Languages and Applications},
 series = {OOPSLA '09},
 year = {2009},
 isbn = {978-1-60558-766-0},
 location = {Orlando, Florida, USA},
 pages = {377--390},
 numpages = {14},
 url = {http://doi.acm.org/10.1145/1640089.1640117},
 doi = {10.1145/1640089.1640117},
 acmid = {1640117},
 publisher = {ACM},
 address = {New York, NY, USA},
 keywords = {cc-NUMA, java},
} 

@inproceedings{Majo:2015:LPC:2688500.2688509,
 author = {Majo, Zoltan and Gross, Thomas R.},
 title = {A Library for Portable and Composable Data Locality Optimizations for NUMA Systems},
 booktitle = {Proceedings of the 20th ACM SIGPLAN Symposium on Principles and Practice of Parallel Programming},
 series = {PPoPP 2015},
 year = {2015},
 isbn = {978-1-4503-3205-7},
 location = {San Francisco, CA, USA},
 pages = {227--238},
 numpages = {12},
 url = {http://doi.acm.org/10.1145/2688500.2688509},
 doi = {10.1145/2688500.2688509},
 acmid = {2688509},
 publisher = {ACM},
 address = {New York, NY, USA},
 keywords = {NUMA, data placement, scheduling},
} 

@inproceedings{Majo:2011:MSP:1987816.1987832,
 author = {Majo, Zoltan and Gross, Thomas R.},
 title = {Memory System Performance in a NUMA Multicore Multiprocessor},
 booktitle = {Proceedings of the 4th Annual International Conference on Systems and Storage},
 series = {SYSTOR '11},
 year = {2011},
 isbn = {978-1-4503-0773-4},
 location = {Haifa, Israel},
 pages = {12:1--12:10},
 articleno = {12},
 numpages = {10},
 url = {http://doi.acm.org/10.1145/1987816.1987832},
 doi = {10.1145/1987816.1987832},
 acmid = {1987832},
 publisher = {ACM},
 address = {New York, NY, USA},
 keywords = {NUMA, memory system performance, multicore processors},
} 

@INPROCEEDINGS{6704666,
author={Z. Majo and T. R. Gross},
booktitle={2013 IEEE International Symposium on Workload Characterization (IISWC)},
title={(Mis)understanding the NUMA memory system performance of multithreaded workloads},
year={2013},
volume={},
number={},
pages={11-22},
keywords={multi-threading;multiprocessing systems;operating systems (computers);parallel architectures;NUMA memory system performance;NUMA-multicores;OS functionality;PARSEC parallel benchmarks;computation distribution;data distribution;memory access patterns;multithreaded programs;multithreaded workloads;nonuniform memory architecture;workload characterization;Benchmark testing;Computer architecture;Microarchitecture;Prefetching;Process control;System performance},
doi={10.1109/IISWC.2013.6704666},
ISSN={},
month={Sept},}

@INPROCEEDINGS{1419934,
author={M. M. Tikir and J. K. Hollingsworth},
booktitle={19th IEEE International Parallel and Distributed Processing Symposium},
title={NUMA-Aware Java Heaps for Server Applications},
year={2005},
pages={108b-108b},
keywords={Java;benchmark testing;embedded systems;file servers;storage management;Java heap layout;SPECjbb2000 benchmark;cc-NUMA servers;dynamic object migration;embedded hardware performance monitors;garbage collection;Application software;Computer science;Delay;Distributed computing;Educational institutions;File servers;Fires;Hardware;Java;Sun},
doi={10.1109/IPDPS.2005.299},
ISSN={1530-2075},
month={April},}

@inproceedings{Majo:2011:MMN:1993478.1993481,
 author = {Majo, Zoltan and Gross, Thomas R.},
 title = {Memory Management in NUMA Multicore Systems: Trapped Between Cache Contention and Interconnect Overhead},
 booktitle = {Proceedings of the International Symposium on Memory Management},
 series = {ISMM '11},
 year = {2011},
 isbn = {978-1-4503-0263-0},
 location = {San Jose, California, USA},
 pages = {11--20},
 numpages = {10},
 url = {http://doi.acm.org/10.1145/1993478.1993481},
 doi = {10.1145/1993478.1993481},
 acmid = {1993481},
 publisher = {ACM},
 address = {New York, NY, USA},
 keywords = {memory allocation, multicore processors, numa, shared resource contention},
} 



@inproceedings{Antony:2006:ETM:2081512.2081556,
 author = {Antony, Joseph and Janes, Pete P. and Rendell, Alistair P.},
 title = {Exploring Thread and Memory Placement on NUMA Architectures: Solaris and Linux, UltraSPARC/FirePlane and Opteron/Hypertransport},
 booktitle = {Proceedings of the 13th International Conference on High Performance Computing},
 series = {HiPC'06},
 year = {2006},
 isbn = {3-540-68039-X, 978-3-540-68039-0},
 location = {Bangalore, India},
 pages = {338--352},
 numpages = {15},
 url = {http://dx.doi.org/10.1007/11945918_35},
 doi = {10.1007/11945918_35},
 acmid = {2081556},
 publisher = {Springer-Verlag},
 address = {Berlin, Heidelberg},
} 

@inproceedings{Wilson:2001:DPP:582034.582067,
 author = {Wilson, Kenneth M. and Aglietti, Bob B.},
 title = {Dynamic Page Placement to Improve Locality in CC-NUMA Multiprocessors for TPC-C},
 booktitle = {Proceedings of the 2001 ACM/IEEE Conference on Supercomputing},
 series = {SC '01},
 year = {2001},
 isbn = {1-58113-293-X},
 location = {Denver, Colorado},
 pages = {33--33},
 numpages = {1},
 url = {http://doi.acm.org/10.1145/582034.582067},
 doi = {10.1145/582034.582067},
 acmid = {582067},
 publisher = {ACM},
 address = {New York, NY, USA},
 keywords = {CC-NUMA, TPC-C, dynamic page placement, migration, multiprocessor, replication},
} 


@inproceedings{Piccoli:2014:CSS:2628071.2628077,
 author = {Piccoli, Guilherme and Santos, Henrique N. and Rodrigues, Raphael E. and Pousa, Christiane and Borin, Edson and Quint\~{a}o Pereira, Fernando M.},
 title = {Compiler Support for Selective Page Migration in NUMA Architectures},
 booktitle = {Proceedings of the 23rd International Conference on Parallel Architectures and Compilation},
 series = {PACT '14},
 year = {2014},
 isbn = {978-1-4503-2809-8},
 location = {Edmonton, AB, Canada},
 pages = {369--380},
 numpages = {12},
 url = {http://doi.acm.org/10.1145/2628071.2628077},
 doi = {10.1145/2628071.2628077},
 acmid = {2628077},
 publisher = {ACM},
 address = {New York, NY, USA},
 keywords = {data placement, memory topology, numa, static analysis},
} 

@article{Majo:2017:LPC:3057718.3040222,
author = {Majo, Zoltan and Gross, Thomas R.},
title = {A Library for Portable and Composable Data Locality Optimizations for NUMA Systems},
year = {2017},
issue_date = {March 2017},
publisher = {Association for Computing Machinery},
address = {New York, NY, USA},
volume = {3},
number = {4},
issn = {2329-4949},
url = {https://doi.org/10.1145/3040222},
doi = {10.1145/3040222},
journal = {ACM Trans. Parallel Comput.},
month = mar,
articleno = {20},
numpages = {32},
keywords = {data placement, scheduling, NUMA}
}
  
@article{10.1145/2858788.2688509,
author = {Majo, Zoltan and Gross, Thomas R.},
title = {A Library for Portable and Composable Data Locality Optimizations for NUMA Systems},
year = {2015},
issue_date = {August 2015},
publisher = {Association for Computing Machinery},
address = {New York, NY, USA},
volume = {50},
number = {8},
issn = {0362-1340},
url = {https://doi.org/10.1145/2858788.2688509},
doi = {10.1145/2858788.2688509},
journal = {SIGPLAN Not.},
month = jan,
pages = {227–238},
numpages = {12},
keywords = {scheduling, data placement, NUMA}
}
  




@inproceedings{Lin:2016:MTP:2872362.2872401,
 author = {Lin, Felix Xiaozhu and Liu, Xu},
 title = {Memif: Towards Programming Heterogeneous Memory Asynchronously},
 booktitle = {Proceedings of the Twenty-First International Conference on Architectural Support for Programming Languages and Operating Systems},
 series = {ASPLOS '16},
 year = {2016},
 isbn = {978-1-4503-4091-5},
 location = {Atlanta, Georgia, USA},
 pages = {369--383},
 numpages = {15},
 url = {http://doi.acm.org/10.1145/2872362.2872401},
 doi = {10.1145/2872362.2872401},
 acmid = {2872401},
 publisher = {ACM},
 address = {New York, NY, USA},
 keywords = {data-intensive computing, heterogeneous memory, operating systems},
} 

@inproceedings{DBLP:conf/asplos/PanwarBG19,
  author    = {Ashish Panwar and
               Sorav Bansal and
               K. Gopinath},
  title     = {HawkEye: Efficient Fine-grained {OS} Support for Huge Pages},
  booktitle = {Proceedings of the Twenty-Fourth International Conference on Architectural
               Support for Programming Languages and Operating Systems, {ASPLOS}
               2019, Providence, RI, USA, April 13-17, 2019},
  pages     = {347--360},
  year      = {2019},
  url       = {https://doi.org/10.1145/3297858.3304064},
  doi       = {10.1145/3297858.3304064},
  timestamp = {Sun, 07 Apr 2019 16:16:15 +0200},
  biburl    = {https://dblp.org/rec/conf/asplos/PanwarBG19.bib},
  bibsource = {dblp computer science bibliography, https://dblp.org}
}

@inproceedings{DBLP:conf/asplos/MaasAIJMR20,
  author    = {Martin Maas and
               David G. Andersen and
               Michael Isard and
               Mohammad Mahdi Javanmard and
               Kathryn S. McKinley and
               Colin Raffel},
  title     = {Learning-based Memory Allocation for {C++} Server Workloads},
  booktitle = {{ASPLOS} '20: Architectural Support for Programming Languages and
               Operating Systems, Lausanne, Switzerland, March 16-20, 2020},
  pages     = {541--556},
  year      = {2020},
   url       = {https://doi.org/10.1145/3373376.3378525},
  doi       = {10.1145/3373376.3378525},
  timestamp = {Mon, 16 Mar 2020 11:14:36 +0100},
  biburl    = {https://dblp.org/rec/conf/asplos/MaasAIJMR20.bib},
  bibsource = {dblp computer science bibliography, https://dblp.org}
}

@article{hanson1980portable,
  title={A portable storage management system for the Icon programming language},
  author={Hanson, David R},
  journal={Software: Practice and Experience},
  volume={10},
  number={6},
  pages={489--500},
  year={1980},
  publisher={Wiley Online Library}
}

@misc{hugepages,
  author = {Mel Gorman},
  title = {Huge pages},
  howpublished = {"\url{https://lwn.net/Articles/374424/}"},
  year={2010}
}

@inproceedings{Cling,
  author    = {Periklis Akritidis},
  title     = {Cling: {A} Memory Allocator to Mitigate Dangling Pointers},
  booktitle = {19th {USENIX} Security Symposium, Washington, DC, USA, August 11-13,
               2010, Proceedings},
  pages     = {177--192},
  publisher = {{USENIX} Association},
  year      = {2010},
  url       = {http://www.usenix.org/events/sec10/tech/full\_papers/Akritidis.pdf},
  timestamp = {Thu, 12 Mar 2020 11:34:57 +0100},
  biburl    = {https://dblp.org/rec/conf/uss/Akritidis10.bib},
  bibsource = {dblp computer science bibliography, https://dblp.org}
}


@misc{AutoNUMA,
 author = {Jonathan Corbet}, 
 title = {AutoNUMA: the other approach to NUMA scheduling}, 
 howpublished = {"\url{https://lwn.net/Articles/488709/}"},
 year = {2012}
}

@inproceedings{NumaGiC,
 author = {Gidra, Lokesh and Thomas, Ga\"{e}l and Sopena, Julien and Shapiro, Marc and Nguyen, Nhan},
 title = {NumaGiC: A Garbage Collector for Big Data on Big NUMA Machines},
 booktitle = {Proceedings of the Twentieth International Conference on Architectural Support for Programming Languages and Operating Systems},
 series = {ASPLOS '15},
 year = {2015},
 isbn = {978-1-4503-2835-7},
 location = {Istanbul, Turkey},
 pages = {661--673},
 numpages = {13},
 url = {http://doi.acm.org/10.1145/2694344.2694361},
 doi = {10.1145/2694344.2694361},
 acmid = {2694361},
 publisher = {ACM},
 address = {New York, NY, USA},
 keywords = {NUMA, garbage collection, multicore},
} 

@misc{NewGreenThreads,
  author = {Vinay Shetty and Michael Ferdman},
  title = {Green Threads: User level threading for a Library OS},
  howpublished = "\url{https://compas.cs.stonybrook.edu/wordpress/wp-content/uploads/2013/11/report_greenthreads.pdf}"
} 

@misc{AMDIBS:07,
author = {Paul J. Drongowski},
title ={Instruction-Based Sampling: A New Performance Analysis Technique for {AMD} Family 10h Processors},
month={November}, 
year={2007},
howpublished={\url{http://developer.amd.com/Assets/AMD\_IBS\_paper\_EN.pdf}},
note={Last accessed: Dec. 13, 2013.}
}

@misc{HyperTransport,
author = {HyperTransport Consortium},
title ={HyperTransport},
howpublished={\url{https://en.wikipedia.org/wiki/HyperTransport}},
year = {2019}
}


@misc{IntelArch:PEBS:Sept09,
author = {{Intel Corporation}},
title ={{Intel 64 and IA-32} Architectures Software Developer's Manual,
{Volume 3B}: System Programming Guide, {Part 2, Number 253669-032}},
month={June}, 
year={2010},
howpublished2={\url{http://www.intel.com/Assets/PDF/manual/253669.pdf}},
lastaccessed={Last accessed: Dec. 16, 2009.}}

@misc{Numaapi,
  author = {Andreas Kleen},
  company = {USE LINUX}, 
  title = {A NUMA API for LINUX},
  howpublished = "\url{http://developer.amd.com/wordpress/media/2012/10/LibNUMA-WP-fv1.pdf}"
} 

@misc{AutoNUMA1,
  author = {Andrea Arcangeli},
  company = {Red Hat, Inc.} ,
  title = {AutoNUMA alpha10},
  howpublished = {"\url{https://lwn.net/Articles/488686/}"},
  year = {2012}
}

@misc{AutoNUMA2,
author = {Jonathan Corbet},
title ={AutoNUMA: the other approach to NUMA scheduling},
howpublished={"\url{https://lwn.net/Articles/488709/}"},
year = {2012}
}

@misc{tbb,
  author = {Kirill Rogozhin},
  title = {Controlling memory consumption with Intel® Threading Building Blocks (Intel® TBB) scalable allocator},
  howpublished = {"\url{https://software.intel.com/content/www/us/en/develop/articles/controlling-memory-consumption-with-intel-threading-building-blocks-intel-tbb-scalable.html}"},
  year={2014}
}

@misc{Brandeis,
  author = {NISD},
  title = {Brandeis High School},
  howpublished = "\url{https://nisd.net/brandeis/}"
}

@inproceedings{Jeremiassen:1995:RFS:209936.209955,
 author = {Jeremiassen, Tor E. and Eggers, Susan J.},
 title = {Reducing False Sharing on Shared Memory Multiprocessors Through Compile Time Data Transformations},
 booktitle = {Proceedings of the Fifth ACM SIGPLAN Symposium on Principles and Practice of Parallel Programming},
 series = {PPOPP '95},
 year = {1995},
 isbn = {0-89791-700-6},
 location = {Santa Barbara, California, USA},
 pages = {179--188},
 numpages = {10},
 url = {http://doi.acm.org/10.1145/209936.209955},
 doi = {10.1145/209936.209955},
 acmid = {209955},
 publisher = {ACM},
 address = {New York, NY, USA},
} 


@book{bennett1990munin,
  title={Munin: Distributed shared memory based on type-specific memory coherence},
  author={Bennett, John K and Carter, John B and Zwaenepoel, Willy},
  volume={25},
  number={3},
  year={1990},
  publisher={ACM}
}

@book{Gorman:2004:ULV:983550,
 author = {Gorman, Mel},
 title = {Understanding the Linux Virtual Memory Manager},
 year = {2004},
 isbn = {0131453483},
 publisher = {Prentice Hall PTR},
 address = {Upper Saddle River, NJ, USA},
} 


@article{Torrellas:1994:FSS:626507.626919,
 author = {Torrellas, J. and Lam, H. S. and Hennessy, J. L.},
 title = {False Sharing and Spatial Locality in Multiprocessor Caches},
 journal = {IEEE Trans. Comput.},
 issue_date = {June 1994},
 volume = {43},
 number = {6},
 month = jun,
 year = {1994},
 issn = {0018-9340},
 pages = {651--663},
 numpages = {13},
 url = {http://dx.doi.org/10.1109/12.286299},
 doi = {10.1109/12.286299},
 acmid = {626919},
 publisher = {IEEE Computer Society},
 address = {Washington, DC, USA},
 keywords = {buffer storage, cache block, cache miss rates, coherence transactions, data cache, false sharing, interleaved fashion, multiprocessor caches, performance evaluation, program compilers, programmer-transparent method., shared data, shared memory systems, shared-memory multiprocessors, spatial locality},
} 


@article{Denning:2005:LP:1070838.1070856,
 author = {Denning, Peter J.},
 title = {The Locality Principle},
 journal = {Commun. ACM},
 issue_date = {July 2005},
 volume = {48},
 number = {7},
 month = jul,
 year = {2005},
 issn = {0001-0782},
 pages = {19--24},
 numpages = {6},
 url = {http://doi.acm.org/10.1145/1070838.1070856},
 doi = {10.1145/1070838.1070856},
 acmid = {1070856},
 publisher = {ACM},
 address = {New York, NY, USA},
} 

@article{Lameter:2013:NO:2508834.2513149,
 author = {Lameter, Christoph},
 title = {NUMA (Non-Uniform Memory Access): An Overview},
 journal = {Queue},
 issue_date = {July 2013},
 volume = {11},
 number = {7},
 month = jul,
 year = {2013},
 issn = {1542-7730},
 pages = {40:40--40:51},
 articleno = {40},
 numpages = {12},
 url = {http://doi.acm.org/10.1145/2508834.2513149},
 doi = {10.1145/2508834.2513149},
 acmid = {2513149},
 publisher = {ACM},
 address = {New York, NY, USA},
} 

@article{Denning:1972:PWM:361268.361281,
 author = {Denning, Peter J. and Schwartz, Stuart C.},
 title = {Properties of the Working-set Model},
 journal = {Commun. ACM},
 issue_date = {March 1972},
 volume = {15},
 number = {3},
 month = mar,
 year = {1972},
 issn = {0001-0782},
 pages = {191--198},
 numpages = {8},
 url = {http://doi.acm.org/10.1145/361268.361281},
 doi = {10.1145/361268.361281},
 acmid = {361281},
 publisher = {ACM},
 address = {New York, NY, USA},
 keywords = {paging, paging algorithms, program behavior, program modeling, working-set model},
} 



@article{Smith:1982:CM:356887.356892,
 author = {Smith, Alan Jay},
 title = {Cache Memories},
 journal = {ACM Comput. Surv.},
 issue_date = {Sept. 1982},
 volume = {14},
 number = {3},
 month = sep,
 year = {1982},
 issn = {0360-0300},
 pages = {473--530},
 numpages = {58},
 url = {http://doi.acm.org/10.1145/356887.356892},
 doi = {10.1145/356887.356892},
 acmid = {356892},
 publisher = {ACM},
 address = {New York, NY, USA},
} 

@misc{greenornative,
  author = {},
  title = {Green Vs Native Threads},
  howpublished = "\url{http://c2.com/cgi/wiki?GreenVsNativeThreads}"
} 

@misc{fiber,
  author = {MSN},
  title = {Fibers}, 
  howpublished = "\url{https://msdn.microsoft.com/en-us/library/ms682661.aspx}"
}

@inproceedings{Frigo:1998:ICM:277650.277725,
 author = {Frigo, Matteo and Leiserson, Charles E. and Randall, Keith H.},
 title = {The Implementation of the Cilk-5 Multithreaded Language},
 booktitle = {Proceedings of the ACM SIGPLAN 1998 Conference on Programming Language Design and Implementation},
 series = {PLDI '98},
 year = {1998},
 isbn = {0-89791-987-4},
 location = {Montreal, Quebec, Canada},
 pages = {212--223},
 numpages = {12},
 url = {http://doi.acm.org/10.1145/277650.277725},
 doi = {10.1145/277650.277725},
 acmid = {277725},
 publisher = {ACM},
 address = {New York, NY, USA},
 keywords = {critical path, multithreading, parallel computing, programming language, runtime system, work},
} 


@inproceedings{Anderson:2013:BTP:2497368.2497499,
 author = {Anderson, James H. and Mollison, Malcolm S.},
 title = {Bringing Theory into Practice: A Userspace Library for Multicore Real-time Scheduling},
 booktitle = {Proceedings of the 2013 IEEE 19th Real-Time and Embedded Technology and Applications Symposium (RTAS)},
 series = {RTAS '13},
 year = {2013},
 isbn = {978-1-4799-0186-9},
 pages = {283--292},
 numpages = {10},
 url = {http://dx.doi.org/10.1109/RTAS.2013.6531100},
 doi = {10.1109/RTAS.2013.6531100},
 acmid = {2497499},
 publisher = {IEEE Computer Society},
 address = {Washington, DC, USA},
} 

@inproceedings{Tsai:2014:CSI:2592798.2592812,
 author = {Tsai, Chia-Che and Arora, Kumar Saurabh and Bandi, Nehal and Jain, Bhushan and Jannen, William and John, Jitin and Kalodner, Harry A. and Kulkarni, Vrushali and Oliveira, Daniela and Porter, Donald E.},
 title = {Cooperation and Security Isolation of Library OSes for Multi-process Applications},
 booktitle = {Proceedings of the Ninth European Conference on Computer Systems},
 series = {EuroSys '14},
 year = {2014},
 isbn = {978-1-4503-2704-6},
 location = {Amsterdam, The Netherlands},
 pages = {9:1--9:14},
 articleno = {9},
 numpages = {14},
 url = {http://doi.acm.org/10.1145/2592798.2592812},
 doi = {10.1145/2592798.2592812},
 acmid = {2592812},
 publisher = {ACM},
 address = {New York, NY, USA},
} 

@article{Ling:2000:AOT:346152.346320,
 author = {Ling, Yibei and Mullen, Tracy and Lin, Xiaola},
 title = {Analysis of Optimal Thread Pool Size},
 journal = {SIGOPS Oper. Syst. Rev.},
 issue_date = {April, 2000},
 volume = {34},
 number = {2},
 month = apr,
 year = {2000},
 issn = {0163-5980},
 pages = {42--55},
 numpages = {14},
 url = {http://doi.acm.org/10.1145/346152.346320},
 doi = {10.1145/346152.346320},
 acmid = {346320},
 publisher = {ACM},
 address = {New York, NY, USA},
} 

@inproceedings{Porter:2011:RLO:1950365.1950399,
 author = {Porter, Donald E. and Boyd-Wickizer, Silas and Howell, Jon and Olinsky, Reuben and Hunt, Galen C.},
 title = {Rethinking the Library OS from the Top Down},
 booktitle = {Proceedings of the Sixteenth International Conference on Architectural Support for Programming Languages and Operating Systems},
 series = {ASPLOS XVI},
 year = {2011},
 isbn = {978-1-4503-0266-1},
 location = {Newport Beach, California, USA},
 pages = {291--304},
 numpages = {14},
 url = {http://doi.acm.org/10.1145/1950365.1950399},
 doi = {10.1145/1950365.1950399},
 acmid = {1950399},
 publisher = {ACM},
 address = {New York, NY, USA},
 keywords = {drawbridge, libos, library os},
} 

@misc{intelqpi,
  author = {Intel},
  title = {An Introduction to the Intel QuickPath Interconnect},
  howpublished = "http://www.intel.com/content/dam/doc/white-paper/quick-path-interconnect-introduction-paper.pdf",
  year = {2009}
} 

@inproceedings{Gay:1998:MME:277650.277748,
author    = {David Gay and
               Alexander Aiken},
  title     = {Memory Management with Explicit Regions},
  booktitle = {Proceedings of the {ACM} {SIGPLAN} '98 Conference on Programming Language
               Design and Implementation (PLDI), Montreal, Canada, June 17-19, 1998},
  pages     = {313--323},
  year      = {1998},
  crossref  = {DBLP:conf/pldi/1998},
  url       = {https://doi.org/10.1145/277650.277748},
  doi       = {10.1145/277650.277748},
  timestamp = {Tue, 06 Nov 2018 16:59:30 +0100},
  biburl    = {https://dblp.org/rec/conf/pldi/GayA98.bib},
  bibsource = {dblp computer science bibliography, https://dblp.org}
}

@article{Knauerhase:2008:UOO:1435611.1436101,
 author = {Knauerhase, Rob and Brett, Paul and Hohlt, Barbara and Li, Tong and Hahn, Scott},
 title = {Using OS Observations to Improve Performance in Multicore Systems},
 journal = {IEEE Micro},
 issue_date = {May 2008},
 volume = {28},
 number = {3},
 month = may,
 year = {2008},
 issn = {0272-1732},
 pages = {54--66},
 numpages = {13},
 url = {http://dx.doi.org/10.1109/MM.2008.48},
 doi = {10.1109/MM.2008.48},
 acmid = {1436101},
 publisher = {IEEE Computer Society Press},
 address = {Los Alamitos, CA, USA},
 keywords = {microprocessors, multiprocessing, operating systems, operating systems, microprocessors, multiprocessing},
} 

@article{Blagodurov:2010:CSM:1880018.1880019,
 author = {Blagodurov, Sergey and Zhuravlev, Sergey and Fedorova, Alexandra},
 title = {Contention-Aware Scheduling on Multicore Systems},
 journal = {ACM Trans. Comput. Syst.},
 issue_date = {December 2010},
 volume = {28},
 number = {4},
 month = dec,
 year = {2010},
 issn = {0734-2071},
 pages = {8:1--8:45},
 articleno = {8},
 numpages = {45},
 url = {http://doi.acm.org/10.1145/1880018.1880019},
 doi = {10.1145/1880018.1880019},
 acmid = {1880019},
 publisher = {ACM},
 address = {New York, NY, USA},
 keywords = {Multicore processors, scheduling, shared resource contention},
} 


@inproceedings{Zhuravlev:2010:ASR:1736020.1736036,
 author = {Zhuravlev, Sergey and Blagodurov, Sergey and Fedorova, Alexandra},
 title = {Addressing Shared Resource Contention in Multicore Processors via Scheduling},
 booktitle = {Proceedings of the Fifteenth Edition of ASPLOS on Architectural Support for Programming Languages and Operating Systems},
 series = {ASPLOS XV},
 year = {2010},
 isbn = {978-1-60558-839-1},
 location = {Pittsburgh, Pennsylvania, USA},
 pages = {129--142},
 numpages = {14},
 url = {http://doi.acm.org/10.1145/1736020.1736036},
 doi = {10.1145/1736020.1736036},
 acmid = {1736036},
 publisher = {ACM},
 address = {New York, NY, USA},
 keywords = {multicore processors, scheduling, shared resource contention},
} 


@article{Zhuravlev:2012:SST:2379776.2379780,
 author = {Zhuravlev, Sergey and Saez, Juan Carlos and Blagodurov, Sergey and Fedorova, Alexandra and Prieto, Manuel},
 title = {Survey of Scheduling Techniques for Addressing Shared Resources in Multicore Processors},
 journal = {ACM Comput. Surv.},
 issue_date = {November 2012},
 volume = {45},
 number = {1},
 month = dec,
 year = {2012},
 issn = {0360-0300},
 pages = {4:1--4:28},
 articleno = {4},
 numpages = {28},
 url = {http://doi.acm.org/10.1145/2379776.2379780},
 doi = {10.1145/2379776.2379780},
 acmid = {2379780},
 publisher = {ACM},
 address = {New York, NY, USA},
 keywords = {Survey, cooperative resource sharing, power-aware scheduling, shared resource contention, thermal effects, thread level scheduling},
} 

@inproceedings{Zhuravlev:2010:ASR:1736020.1736036,
 author = {Zhuravlev, Sergey and Blagodurov, Sergey and Fedorova, Alexandra},
 title = {Addressing Shared Resource Contention in Multicore Processors via Scheduling},
 booktitle = {Proceedings of the Fifteenth Edition of ASPLOS on Architectural Support for Programming Languages and Operating Systems},
 series = {ASPLOS XV},
 year = {2010},
 isbn = {978-1-60558-839-1},
 location = {Pittsburgh, Pennsylvania, USA},
 pages = {129--142},
 numpages = {14},
 url = {http://doi.acm.org/10.1145/1736020.1736036},
 doi = {10.1145/1736020.1736036},
 acmid = {1736036},
 publisher = {ACM},
 address = {New York, NY, USA},
 keywords = {multicore processors, scheduling, shared resource contention},
} 

@article{agarwal2017thermostat,
  title={Thermostat: Keeping DRAM hot and NVRAM cool},
  author={Agarwal, Neha and Wenisch, Thomas F},
  journal={Memory},
  volume={4},
  pages={6},
  year={2017}
}


@inproceedings{Denning:1968:TCP:1476589.1476705,
 author = {Denning, Peter J.},
 title = {Thrashing: Its Causes and Prevention},
 booktitle = {Proceedings of the December 9-11, 1968, Fall Joint Computer Conference, Part I},
 series = {AFIPS '68 (Fall, part I)},
 year = {1968},
 location = {San Francisco, California},
 pages = {915--922},
 numpages = {8},
 url = {http://doi.acm.org/10.1145/1476589.1476705},
 doi = {10.1145/1476589.1476705},
 acmid = {1476705},
 publisher = {ACM},
 address = {New York, NY, USA},
} 

@inproceedings{Salomie:2011:DEM:1966445.1966448,
 author = {Salomie, Tudor-Ioan and Subasu, Ionut Emanuel and Giceva, Jana and Alonso, Gustavo},
 title = {Database Engines on Multicores, Why Parallelize when You Can Distribute?},
 booktitle = {Proceedings of the Sixth Conference on Computer Systems},
 series = {EuroSys '11},
 year = {2011},
 isbn = {978-1-4503-0634-8},
 location = {Salzburg, Austria},
 pages = {17--30},
 numpages = {14},
 url = {http://doi.acm.org/10.1145/1966445.1966448},
 doi = {10.1145/1966445.1966448},
 acmid = {1966448},
 publisher = {ACM},
 address = {New York, NY, USA},
 keywords = {multicores, replication, snapshot isolation},
} 

@inproceedings{Majo:2012:MMA:2259016.2259046,
 author = {Majo, Zoltan and Gross, Thomas R.},
 title = {Matching Memory Access Patterns and Data Placement for NUMA Systems},
 booktitle = {Proceedings of the Tenth International Symposium on Code Generation and Optimization},
 series = {CGO '12},
 year = {2012},
 isbn = {978-1-4503-1206-6},
 location = {San Jose, California},
 pages = {230--241},
 numpages = {12},
 url = {http://doi.acm.org/10.1145/2259016.2259046},
 doi = {10.1145/2259016.2259046},
 acmid = {2259046},
 publisher = {ACM},
 address = {New York, NY, USA},
 keywords = {NUMA, data placement, scheduling},
} 


@inproceedings{falseshare:effect,
 author = {Bolosky, William J. and Scott, Michael L.},
 title = {False sharing and its effect on shared memory performance},
 booktitle = {{SEDMS IV}: USENIX Symposium on Experiences with Distributed and Multiprocessor Systems},
 year = {1993},
 pages = {57--71},
 location = {San Diego, California},
 publisher = {USENIX Association},
 address = {Berkeley, CA, USA},
}
@misc{helgrind,
  author = {OpenWorks   LLP},
  title = {"Helgrind:   A   data   race   detector"},
  year = {2007},
  howpublished = "\url{http://valgrind.org/docs/manual/hg-manual.html/}"
}

@misc{libnuma,
  author = {Andreas Kleen at SUSE LINUX},
  title = {"A NUMA API for LINUX"},
  year = {2012},
  howpublished = "\url{http://developer.amd.com/wordpress/media/2012/10/LibNUMA-WP-fv1.pdf}"
}

@misc{numactl,
  author = {Filipe Brandenburger and Cliff Wickman},
  title = {"libnuma"},
  howpublished = "\url{http://oss.sgi.com/projects/libnuma/}"
}



@inproceedings{Liu:2013:DPP:2503210.2503297,
 author = {Liu, Xu and Mellor-Crummey, John},
 title = {A Data-centric Profiler for Parallel Programs},
 booktitle = {Proceedings of the International Conference on High Performance Computing, Networking, Storage and Analysis},
 series = {SC '13},
 year = {2013},
 isbn = {978-1-4503-2378-9},
 location = {Denver, Colorado},
 pages = {28:1--28:12},
 articleno = {28},
 numpages = {12},
 url = {http://doi.acm.org/10.1145/2503210.2503297},
 doi = {10.1145/2503210.2503297},
 acmid = {2503297},
 publisher = {ACM},
 address = {New York, NY, USA},
 keywords = {data locality, data-centric profiling, scalable profiler},
} 

@inproceedings{Frigo:1998:ICM:277650.277725,
 author = {Frigo, Matteo and Leiserson, Charles E. and Randall, Keith H.},
 title = {The Implementation of the Cilk-5 Multithreaded Language},
 booktitle = {Proceedings of the ACM SIGPLAN 1998 Conference on Programming Language Design and Implementation},
 series = {PLDI '98},
 year = {1998},
 isbn = {0-89791-987-4},
 location = {Montreal, Quebec, Canada},
 pages = {212--223},
 numpages = {12},
 url = {http://doi.acm.org/10.1145/277650.277725},
 doi = {10.1145/277650.277725},
 acmid = {277725},
 publisher = {ACM},
 address = {New York, NY, USA},
 keywords = {critical path, multithreading, parallel computing, programming language, runtime system, work},
} 

@inproceedings{Tang:2015:SCD:2676726.2676997,
 author = {Tang, Hao and Wang, Xiaoyin and Zhang, Lingming and Xie, Bing and Zhang, Lu and Mei, Hong},
 title = {Summary-Based Context-Sensitive Data-Dependence Analysis in Presence of Callbacks},
 booktitle = {Proceedings of the 42Nd Annual ACM SIGPLAN-SIGACT Symposium on Principles of Programming Languages},
 series = {POPL '15},
 year = {2015},
 isbn = {978-1-4503-3300-9},
 location = {Mumbai, India},
 pages = {83--95},
 numpages = {13},
 url = {http://doi.acm.org/10.1145/2676726.2676997},
 doi = {10.1145/2676726.2676997},
 acmid = {2676997},
 publisher = {ACM},
 address = {New York, NY, USA},
 keywords = {cfl reachability, context-sensitive analysis, summary-based analysis, tal reachability, tree adjoining languages},
} 

@ARTICLE{6216383, 
author={Wang, Xiaoyin and Zhang, Lu and Xie, Tao and Mei, Hong and Sun, Jiasu}, 
journal={Software Engineering, IEEE Transactions on}, 
title={Locating Need-to-Externalize Constant Strings for Software Internationalization with Generalized String-Taint Analysis}, 
year={2013}, 
volume={39}, 
number={4}, 
pages={516-536}, 
keywords={Globalization;Graphical user interfaces;Java;Libraries;Production;Prototypes;Software;Software internationalization;need-to-externalize constant strings;string-taint analysis}, 
doi={10.1109/TSE.2012.40}, 
ISSN={0098-5589}, 
month={April},}

@ARTICLE{SymS, 
author={Zhu, Liang and Jin, Hai, and Liao, Xiaofei}, 
journal={Concurrency and Computation: Practice and Experience}, 
title={SymS: a symmetrical scheduler to improve multi-threaded program performance on NUMA systems}, 
year={2015}, 
volume={27}, 
number={18}, 
pages={5810-5825}, 
doi={10.1002/cpe.3638}, 
ISSN={1532-0634}, 
month={August},}

@inproceedings{Meng:2012:HMA:2337223.2337265,
 author = {Meng, Sichen and Wang, Xiaoyin and Zhang, Lu and Mei, Hong},
 title = {A History-based Matching Approach to Identification of Framework Evolution},
 booktitle = {Proceedings of the 34th International Conference on Software Engineering},
 series = {ICSE '12},
 year = {2012},
 isbn = {978-1-4673-1067-3},
 location = {Zurich, Switzerland},
 pages = {353--363},
 numpages = {11},
 url = {http://dl.acm.org/citation.cfm?id=2337223.2337265},
 acmid = {2337265},
 publisher = {IEEE Press},
 address = {Piscataway, NJ, USA},
} 

@inproceedings{Xiong:2010:AHS:1924943.1924955,
 author = {Xiong, Weiwei and Park, Soyeon and Zhang, Jiaqi and Zhou, Yuanyuan and Ma, Zhiqiang},
 title = {Ad Hoc Synchronization Considered Harmful},
 booktitle = {Proceedings of the 9th USENIX Conference on Operating Systems Design and Implementation},
 series = {OSDI'10},
 year = {2010},
 location = {Vancouver, BC, Canada},
 pages = {1--8},
 numpages = {8},
 url = {http://dl.acm.org/citation.cfm?id=1924943.1924955},
 acmid = {1924955},
 publisher = {USENIX Association},
 address = {Berkeley, CA, USA},
} 

@inproceedings{parsec,
  author = {Christian Bienia and Kai Li},
  title = {{PARSEC} 2.0: A New Benchmark Suite for Chip-Multiprocessors},
  booktitle = {Proceedings of the 5th Annual Workshop on Modeling, Benchmarking and Simulation},
  year = {2009},
  month = {June}
}

@inproceedings{phoenix-hpca,
 author = {Ranger, Colby and Raghuraman, Ramanan and Penmetsa, Arun and Bradski, Gary and Kozyrakis, Christos},
 title = {Evaluating {MapReduce} for Multi-core and Multiprocessor Systems},
 booktitle = {HPCA '07: Proceedings of the 2007 IEEE 13th International Symposium on High Performance Computer Architecture},
 year = {2007},
 isbn = {1-4244-0804-0},
 pages = {13--24},
 doi = {http://dx.doi.org/10.1109/HPCA.2007.346181},
 publisher = {IEEE Computer Society},
 address = {Washington, DC, USA},
 }

@misc{javacontended1,
  author = {David Dice},
  title = {"Java @Contended annotation to help reduce false sharing"},
  year = {2012},
  howpublished = "\url{https://blogs.oracle.com/dave/entry/java_contented_annotation_to_help}"
}

@misc{tcmalloc,
  author = {Sanjay Ghemawat and Paul Menage},
  title = {"TCMalloc : Thread-Caching Malloc"},
  howpublished = {"\url{http://goog-perftools.sourceforge.net/doc/tcmalloc.html}"},
  year={2007}
}

@misc{OpenBSD,
  author = {OpenBSD Foundation},
  title = {"OpenBSD"},
  howpublished = {"\url{https://www.openbsd.org}"},
  year={2012}
}

@article{1742-6596-664-9-092010,
  author={Christopher Hollowell and Costin Caramarcu and William Strecker-Kellogg and Antonio Wong and Alexandr Zaytsev},
  title={The Effect of NUMA Tunings on CPU Performance},
  journal={Journal of Physics: Conference Series},
  volume={664},
  number={9},
  pages={092010},
  url={http://stacks.iop.org/1742-6596/664/i=9/a=092010},
  year={2015},
}

@INPROCEEDINGS{4362179,
author={R. Murphy},
booktitle={2007 IEEE 10th International Symposium on Workload Characterization},
title={On the Effects of Memory Latency and Bandwidth on Supercomputer Application Performance},
year={2007},
pages={35-43},
keywords={computer architecture;floating point arithmetic;multiprocessing systems;parallel machines;storage management;bandwidth;combinatorial applications;floating point oriented computation;integer oriented applications;irregular applications;memory latency;memory system performance;problem decomposition;supercomputer application performance;supercomputer architecture;Application software;Bandwidth;Clocks;Computational modeling;Computer architecture;Computer simulation;Delay;Laboratories;Physics computing;Supercomputers},
doi={10.1109/IISWC.2007.4362179},
month={Sept},}

@misc{memorywall,
  author = {Robin Harris},
  title = {"Many-cores hit the memory wall"},
  year = {2008},
  howpublished = "\url{https://storagemojo.com/2008/12/08/many-cores-hit-the-memory-wall/}",
}

@misc{tcmallocnew,
  author = {Patryk Kaminski},
  title = {"NUMA aware heap memory manager"},
  year = {2012},
  howpublished = "\url{http://amd-dev.wpengine.netdna-cdn.com/wordpress/media/2012/10/NUMA_aware_heap_memory_manager_article_final.pdf}"
}

@inproceedings{MemProf,
 author = {Lachaize, Renaud and Lepers, Baptiste and Qu{\'e}ma, Vivien},
 title = {MemProf: A Memory Profiler for NUMA Multicore Systems},
 booktitle = {Proceedings of the 2012 USENIX Conference on Annual Technical Conference},
 series = {USENIX ATC'12},
 year = {2012},
 location = {Boston, MA},
 pages = {5--5},
 numpages = {1},
 url = {http://dl.acm.org/citation.cfm?id=2342821.2342826},
 acmid = {2342826},
 publisher = {USENIX Association},
 address = {Berkeley, CA, USA},
} 

@article{10.1145/2692916.2555271,
author = {Liu, Xu and Mellor-Crummey, John},
title = {A Tool to Analyze the Performance of Multithreaded Programs on NUMA Architectures},
year = {2014},
issue_date = {August 2014},
publisher = {Association for Computing Machinery},
address = {New York, NY, USA},
volume = {49},
number = {8},
issn = {0362-1340},
url = {https://doi.org/10.1145/2692916.2555271},
doi = {10.1145/2692916.2555271},
journal = {SIGPLAN Not.},
month = feb,
pages = {259–272},
numpages = {14},
keywords = {threads, performance optimization, NUMA, memory access pattern, profiler}
}

@article{Larson,
author = {Larson, Per-\r{A}ke and Krishnan, Murali},
title = {Memory Allocation for Long-Running Server Applications},
year = {1998},
issue_date = {March 1999},
publisher = {Association for Computing Machinery},
address = {New York, NY, USA},
volume = {34},
number = {3},
issn = {0362-1340},
url = {https://doi.org/10.1145/301589.286880},
doi = {10.1145/301589.286880},
journal = {SIGPLAN Not.},
month = oct,
pages = {176–185},
numpages = {10},
keywords = {concurrency, dynamic memory allocation, multiprocessor scalability, reducing lock contention, server applications, cache-conscious algorithms}
}
  
@inproceedings{10.1145/286860.286880,
author = {Larson, Per-\r{A}ke and Krishnan, Murali},
title = {Memory Allocation for Long-Running Server Applications},
year = {1998},
isbn = {1581131143},
publisher = {Association for Computing Machinery},
address = {New York, NY, USA},
url = {https://doi.org/10.1145/286860.286880},
doi = {10.1145/286860.286880},
booktitle = {Proceedings of the 1st International Symposium on Memory Management},
pages = {176–185},
numpages = {10},
keywords = {dynamic memory allocation, cache-conscious algorithms, server applications, multiprocessor scalability, reducing lock contention, concurrency},
location = {Vancouver, British Columbia, Canada},
series = {ISMM ’98}
}
  


@inproceedings {180813,
author = {Renaud Lachaize and Baptiste Lepers and Vivien Quema},
title = {MemProf: A Memory Profiler for NUMA Multicore Systems},
booktitle = {Presented as part of the 2012 USENIX Annual Technical Conference (USENIX ATC 12)},
year = {2012},
isbn = {978-931971-93-5},
address = {Boston, MA},
pages = {53--64},
url = {https://www.usenix.org/conference/atc12/technical-sessions/presentation/lachaize},
publisher = {USENIX},
}

@inproceedings{ArrayTool,
 author = {Liu, Xu and Sharma, Kamal and Mellor-Crummey, John},
 title = {ArrayTool: A Lightweight Profiler to Guide Array Regrouping},
 booktitle = {Proceedings of the 23rd International Conference on Parallel Architectures and Compilation},
 series = {PACT '14},
 year = {2014},
 isbn = {978-1-4503-2809-8},
 location = {Edmonton, AB, Canada},
 pages = {405--416},
 numpages = {12},
 url = {http://doi.acm.org/10.1145/2628071.2628102},
 doi = {10.1145/2628071.2628102},
 acmid = {2628102},
 publisher = {ACM},
 address = {New York, NY, USA},
 keywords = {array regrouping, array-centric profiling, data locality},
} 


@inproceedings{StructSlim,
 author = {Roy, Probir and Liu, Xu},
 title = {StructSlim: A Lightweight Profiler to Guide Structure Splitting},
 booktitle = {Proceedings of the 2016 International Symposium on Code Generation and Optimization},
 series = {CGO '16},
 year = {2016},
 isbn = {978-1-4503-3778-6},
 location = {Barcelona, Spain},
 pages = {36--46},
 numpages = {11},
 url = {http://doi.acm.org/10.1145/2854038.2854053},
 doi = {10.1145/2854038.2854053},
 acmid = {2854053},
 publisher = {ACM},
 address = {New York, NY, USA},
 keywords = {Data locality, address sampling, lightweight profiling, structure splitting},
} 


@inproceedings{XuNuma,
 author = {Liu, Xu and Mellor-Crummey, John},
 title = {A Tool to Analyze the Performance of Multithreaded Programs on NUMA Architectures},
 booktitle = {Proceedings of the 19th ACM SIGPLAN Symposium on Principles and Practice of Parallel Programming},
 series = {PPoPP '14},
 year = {2014},
 isbn = {978-1-4503-2656-8},
 location = {Orlando, Florida, USA},
 pages = {259--272},
 numpages = {14},
 url = {http://doi.acm.org/10.1145/2555243.2555271},
 doi = {10.1145/2555243.2555271},
 acmid = {2555271},
 publisher = {ACM},
 address = {New York, NY, USA},
 keywords = {NUMA, memory access pattern, performance optimization, profiler, threads},
} 

@INPROCEEDINGS{Memphis,
author={C. McCurdy and J. Vetter},
booktitle={2010 IEEE International Symposium on Performance Analysis of Systems Software (ISPASS)},
title={Memphis: Finding and fixing NUMA-related performance problems on multi-core platforms},
year={2010},
pages={87-96},
keywords={multiprocessing programs;performance evaluation;Memphis;NUMA related performance problems;data-centric toolset;hardware performance counters;instruction based sampling;micro-processor design;multi-core platforms;non-uniform memory access;problematic memory accesses;Automatic control;CADCAM;Computer aided manufacturing;Counting circuits;Delay;Hardware;Laboratories;Programming profession;Sampling methods;Sockets},
doi={10.1109/ISPASS.2010.5452060},
month={March},}

@inproceedings{MACPO,
 author = {Rane, Ashay and Browne, James},
 title = {Enhancing Performance Optimization of Multicore Chips and Multichip Nodes with Data Structure Metrics},
 booktitle = {Proceedings of the 21st International Conference on Parallel Architectures and Compilation Techniques},
 series = {PACT '12},
 year = {2012},
 isbn = {978-1-4503-1182-3},
 location = {Minneapolis, Minnesota, USA},
 pages = {147--156},
 numpages = {10},
 url = {http://doi.acm.org/10.1145/2370816.2370838},
 doi = {10.1145/2370816.2370838},
 acmid = {2370838},
 publisher = {ACM},
 address = {New York, NY, USA},
 keywords = {data structures, memory, optimization, performance},
} 



@inproceedings{Li:2011:SST:2048066.2048072,
 author = {Li, Du and Srisa-an, Witawas and Dwyer, Matthew B.},
 title = {SOS: Saving Time in Dynamic Race Detection with Stationary Analysis},
 booktitle = {Proceedings of the 2011 ACM International Conference on Object Oriented Programming Systems Languages and Applications},
 series = {OOPSLA '11},
 year = {2011},
 isbn = {978-1-4503-0940-0},
 location = {Portland, Oregon, USA},
 pages = {35--50},
 numpages = {16},
 url = {http://doi.acm.org/10.1145/2048066.2048072},
 doi = {10.1145/2048066.2048072},
 acmid = {2048072},
 publisher = {ACM},
 address = {New York, NY, USA},
 keywords = {concurrency, monitoring, race, threading},
} 

@inproceedings{Berger:2000:HSM:378993.379232,
 author = {Berger, Emery D. and McKinley, Kathryn S. and Blumofe, Robert D. and Wilson, Paul R.},
 title = {Hoard: A Scalable Memory Allocator for Multithreaded Applications},
 booktitle = {Proceedings of the Ninth International Conference on Architectural Support for Programming Languages and Operating Systems},
 series = {ASPLOS IX},
 year = {2000},
 isbn = {1-58113-317-0},
 location = {Cambridge, Massachusetts, USA},
 pages = {117--128},
 numpages = {12},
 url = {http://doi.acm.org/10.1145/378993.379232},
 doi = {10.1145/378993.379232},
 acmid = {379232},
 publisher = {ACM},
 address = {New York, NY, USA},
} 


@misc{javacontended2,
  author = {Aleksey Shipilev},
  title = {"RFR (S): JEP-142: Reduce Cache Contention on Specified Fields"},
  year = {2012},
  howpublished = "\url{http://mail.openjdk.java.net/pipermail/hotspot-dev/2012-November/007309.html}"
}

@misc{javacontended3,
  author = {Jesper Wilhelmsson, Tony Printezis},
  title = {"Reduce Cache Contention on Specified Fields},
  year = {2014},
  howpublished = "\url{http://openjdk.java.net/projects/jdk8/features#142}"
}

@inproceedings{404681,
  author       = {Ronsse, Michiel and Stougie, B and Maebe, Jonas and Cornelis, Frank and De Bosschere, Koen},
  booktitle    = {ADVANCES IN PARALLEL COMPUTING},
  editor       = {Joubert, G and Nagel, WE and Peters, FJ and Walter, WV},
  isbn         = {0-444-51689-1},
  language     = {eng},
  location     = {Dresden, GERMANY},
  pages        = {39--46},
  publisher    = {Elsevier Science},
  title        = {An efficient data race detector backend for DIOTA},
  volume       = {13},
  year         = {2004},
}

@inproceedings{Savage:1997:EDD:268998.266641,
 author = {Savage, Stefan and Burrows, Michael and Nelson, Greg and Sobalvarro, Patrick and Anderson, Thomas},
 title = {Eraser: A Dynamic Data Race Detector for Multi-threaded Programs},
 booktitle = {Proceedings of the Sixteenth ACM Symposium on Operating Systems Principles},
 series = {SOSP '97},
 year = {1997},
 isbn = {0-89791-916-5},
 location = {Saint Malo, France},
 pages = {27--37},
 numpages = {11},
 url = {http://doi.acm.org/10.1145/268998.266641},
 doi = {10.1145/268998.266641},
 acmid = {266641},
 publisher = {ACM},
 address = {New York, NY, USA},
}

@inproceedings{Narayanasamy:2006:ALO:1140277.1140303,
 author = {Narayanasamy, Satish and Pereira, Cristiano and Patil, Harish and Cohn, Robert and Calder, Brad},
 title = {Automatic Logging of Operating System Effects to Guide Application-level Architecture Simulation},
 booktitle = {Proceedings of the Joint International Conference on Measurement and Modeling of Computer Systems},
 series = {SIGMETRICS '06/Performance '06},
 year = {2006},
 isbn = {1-59593-319-0},
 location = {Saint Malo, France},
 pages = {216--227},
 numpages = {12},
 url = {http://doi.acm.org/10.1145/1140277.1140303},
 doi = {10.1145/1140277.1140303},
 acmid = {1140303},
 publisher = {ACM},
 address = {New York, NY, USA},
 keywords = {architecture simulation, checkpoints, emulating system calls},
} 

@inproceedings{Cheng:2006:TEF:1157733.1157903,
 author = {Cheng, Winnie and Zhao, Qin and Yu, Bei and Hiroshige, Scott},
 title = {TaintTrace: Efficient Flow Tracing with Dynamic Binary Rewriting},
 booktitle = {Proceedings of the 11th IEEE Symposium on Computers and Communications},
 series = {ISCC '06},
 year = {2006},
 isbn = {0-7695-2588-1},
 pages = {749--754},
 numpages = {6},
 url = {http://dx.doi.org/10.1109/ISCC.2006.158},
 doi = {10.1109/ISCC.2006.158},
 acmid = {1157903},
 publisher = {IEEE Computer Society},
 address = {Washington, DC, USA},
} 

@INPROCEEDINGS{Newsome05dynamictaint,
    author = {James Newsome},
    title = {Dynamic Taint Analysis for Automatic Detection, Analysis, and Signature Generation of Exploits on Commodity Software},
    booktitle = {Proc. of  the  Network  and  Distributed  System  Security  Symposium  (NDSS 2005)},
    year = {2005}
}

@inproceedings{Qin:2006:LLP:1194816.1194834,
 author = {Qin, Feng and Wang, Cheng and Li, Zhenmin and Kim, Ho-seop and Zhou, Yuanyuan and Wu, Youfeng},
 title = {LIFT: A Low-Overhead Practical Information Flow Tracking System for Detecting Security Attacks},
 booktitle = {Proceedings of the 39th Annual IEEE/ACM International Symposium on Microarchitecture},
 series = {MICRO 39},
 year = {2006},
 isbn = {0-7695-2732-9},
 pages = {135--148},
 numpages = {14},
 url = {http://dx.doi.org/10.1109/MICRO.2006.29},
 doi = {10.1109/MICRO.2006.29},
 acmid = {1194834},
 publisher = {IEEE Computer Society},
 address = {Washington, DC, USA},
} 

@INPROCEEDINGS{Hastings91purify:fast,
    author = {Reed Hastings and Bob Joyce},
    title = {Purify: Fast detection of memory leaks and access errors},
    booktitle = {In Proc. of the Winter 1992 USENIX Conference},
    year = {1991},
    pages = {125--138}
}

@inproceedings{Seward:2005:UVD:1247360.1247362,
 author = {Seward, Julian and Nethercote, Nicholas},
 title = {Using Valgrind to Detect Undefined Value Errors with Bit-precision},
 booktitle = {Proceedings of the Annual Conference on USENIX Annual Technical Conference},
 series = {ATEC '05},
 year = {2005},
 location = {Anaheim, CA},
 pages = {2--2},
 numpages = {1},
 url = {http://dl.acm.org/citation.cfm?id=1247360.1247362},
 acmid = {1247362},
 publisher = {USENIX Association},
 address = {Berkeley, CA, USA},
} 


@inproceedings{Harrow:2000:RCM:645880.672080,
 author = {Harrow, Jerry J.},
 title = {Runtime Checking of Multithreaded Applications with Visual Threads},
 booktitle = {Proceedings of the 7th International SPIN Workshop on SPIN Model Checking and Software Verification},
 year = {2000},
 isbn = {3-540-41030-9},
 pages = {331--342},
 numpages = {12},
 url = {http://dl.acm.org/citation.cfm?id=645880.672080},
 acmid = {672080},
 publisher = {Springer-Verlag},
 address = {London, UK, UK},
} 


@misc{gprof,
  title = {GNU gprof },
  author = "{Gprof community }",
  howpublished = "\url{https://sourceware.org/binutils/docs/gprof/}",
}

@misc{specjvm,
  title = {SPECjvm2008},
  author = "{Standard Performance Evaluation Corporation}",
  howpublished = "\url{https://www.spec.org/jvm2008/}",
}

@inproceedings{ibs-sc,
  Author = {Xu Liu and John M. {Mellor-Crummey}},
  Booktitle = {Proc. of the 2013 ACM/IEEE Conference on Supercomputing},
  Date-Added = {2009-06-15 22:10:24 +0100},
  Date-Modified = {2009-10-29 20:45:09 -0500},
  Keywords = {perftool-hpctoolkit},
  Title = {A Data-centric Profiler for Parallel Programs},
  Year = {2013},
  address = {Denver, CO, USA}}

@misc{Intel:VTune,
  Author = {{Intel Corporation}},
  Date-Added = {2008-12-05 14:59:27 -0600},
  Date-Modified = {2008-12-05 14:59:27 -0600},
  Howpublished = {\url{http://www.intel.com/software/products/vtune}},
  Keywords = {perftool},
  Title = {Intel {VTune} Performance Analyzer},
  Bdsk-Url-1 = {http://www.intel.com/software/products/vtune}}

@inproceedings{cmpsim,
    author = {Aamer Jaleel and Robert S. Cohn and Chi-keung Luk and Bruce Jacob},
    title = {CMP\$im: A Pin-Based On-The-Fly Multi-Core Cache Simulator},
 		booktitle = {In Proceedings of the Fourth Annual Workshop on Modeling, Benchmarking and Simulation (MOBS'08)},
    year = {2008}
}

@article{falseshare:Analysis,
 author = {Hyde, Randall L. and Fleisch, Brett D.},
 title = {An analysis of degenerate sharing and false coherence},
 journal = {J. Parallel Distrib. Comput.},
 volume = {34},
 number = {2},
 year = {1996},
 issn = {0743-7315},
 pages = {183--195},
 doi = {http://dx.doi.org/10.1006/jpdc.1996.0054},
 publisher = {Academic Press, Inc.},
 address = {Orlando, FL, USA},
}

@INPROCEEDINGS{Wicaksono11detectingfalse,
    author = {Besar Wicaksono and Munara Tolubaeva and Barbara Chapman},
    title = {Detecting false sharing in OpenMP applications using the DARWIN framework},
    booktitle = {In Proceedings of International Workshop on Languages and Compilers for Parallel Computing},
    year = {2011}
}

@inproceedings{Blackburn:2006:DBJ:1167473.1167488,
 author = {Blackburn, Stephen M. and Garner, Robin and Hoffmann, Chris and Khang, Asjad M. and McKinley, Kathryn S. and Bentzur, Rotem and Diwan, Amer and Feinberg, Daniel and Frampton, Daniel and Guyer, Samuel Z. and Hirzel, Martin and Hosking, Antony and Jump, Maria and Lee, Han and Moss, J. Eliot B. and Phansalkar, Aashish and Stefanovi\'{c}, Darko and VanDrunen, Thomas and von Dincklage, Daniel and Wiedermann, Ben},
 title = {The DaCapo Benchmarks: Java Benchmarking Development and Analysis},
 booktitle = {Proceedings of the 21st Annual ACM SIGPLAN Conference on Object-oriented Programming Systems, Languages, and Applications},
 series = {OOPSLA '06},
 year = {2006},
 isbn = {1-59593-348-4},
 location = {Portland, Oregon, USA},
 pages = {169--190},
 numpages = {22},
 url = {http://doi.acm.org/10.1145/1167473.1167488},
 doi = {10.1145/1167473.1167488},
 acmid = {1167488},
 publisher = {ACM},
 address = {New York, NY, USA},
 keywords = {DaCapo, Java, SPEC, benchmark, methodology},
} 


@inproceedings{MESI,
 author = {Papamarcos, Mark S. and Patel, Janak H.},
 title = {A Low-overhead Coherence Solution for Multiprocessors with Private Cache Memories},
 booktitle = {Proceedings of the 11th Annual International Symposium on Computer Architecture},
 series = {ISCA '84},
 year = {1984},
 isbn = {0-8186-0538-3},
 pages = {348--354},
 numpages = {7},
 url = {http://doi.acm.org/10.1145/800015.808204},
 doi = {10.1145/800015.808204},
 acmid = {808204},
 publisher = {ACM},
 address = {New York, NY, USA},
}


@inproceedings{OSfalsesharing,
 author = {Boyd-Wickizer, Silas and Clements, Austin T. and Mao, Yandong and Pesterev, Aleksey and Kaashoek, M. Frans and Morris, Robert and Zeldovich, Nickolai},
 title = {An analysis of Linux scalability to many cores},
 booktitle = {Proceedings of the 9th USENIX conference on Operating systems design and implementation},
 series = {OSDI'10},
 year = {2010},
 location = {Vancouver, BC, Canada},
 pages = {1--8},
 numpages = {8},
 url = {http://dl.acm.org/citation.cfm?id=1924943.1924944},
 acmid = {1924944},
 publisher = {USENIX Association},
 address = {Berkeley, CA, USA},
}

@misc{JVMfalsesharing,
 title = {False sharing induced by card table marking},
 author = "{David Dice}",
 howpublished = "\url{https://blogs.oracle.com/dave/entry/false_sharing_induced_by_card}",
 year = {2011},
 month = {February},
}

@misc{SheriffUsage,
 title = {Detecting false sharing},
 author = "{jyunker}",
 howpublished = "\url{http://www.linuxquestions.org/questions/linux-newbie-8/deecting-false-sharing-4175511542/}",
 year = {2014},
 month = {July},
}

@misc{libfalsesharing,
 title = {False sharing in boost::detail::spinlock pool?},
 author = "{mcmcc}",
 howpublished = "\url{http://stackoverflow.com/questions/11037655/false-sharing-in-boostdetailspinlock-pool}",
 year = {2012},
 month = {June},
}

@misc{mysql,
 title = {MySQL team increases scalability by >50% for Sysbench OLTP RO in MySQL 5.6 labs release april 2012},
 author = "{Mikael Ronstrom}",
 howpublished = "\url{http://mikaelronstrom.blogspot.com/2012/04/mysql-team-increases-scalability-by-50.html}",
 year = {2012},
 month = {April},
}

@mastersthesis{appfalsesharing,
 author = {Konstantinos Papadimitriou},
 title = {Taming False Sharing in Parallel Programs},
 year = {2009},
 school = {University of Edinburgh},
 howpublished = "\url{http://www.inf.ed.ac.uk/publications/thesis/online/IM090714.pdf}",
}

@inproceedings{OSdetection,
 author = {Nanavati, Mihir and Spear, Mark and Taylor, Nathan and Rajagopalan, Shriram and Meyer, Dutch T. and Aiello, William and Warfield, Andrew},
 title = {Whose cache line is it anyway?: operating system support for live detection and repair of false sharing},
 booktitle = {Proceedings of the 8th ACM European Conference on Computer Systems},
 series = {EuroSys '13},
 year = {2013},
 isbn = {978-1-4503-1994-2},
 location = {Prague, Czech Republic},
 pages = {141--154},
 numpages = {14},
 url = {http://doi.acm.org/10.1145/2465351.2465366},
 doi = {10.1145/2465351.2465366},
 acmid = {2465366},
 publisher = {ACM},
 address = {New York, NY, USA},
}

@inproceedings{RFDet,
 author = {Lu, Kai and Zhou, Xu and Bergan, Tom and Wang, Xiaoping},
 title = {Efficient Deterministic Multithreading Without Global Barriers},
 booktitle = {Proceedings of the 19th ACM SIGPLAN Symposium on Principles and Practice of Parallel Programming},
 series = {PPoPP '14},
 year = {2014},
 isbn = {978-1-4503-2656-8},
 location = {Orlando, Florida, USA},
 pages = {287--300},
 numpages = {14},
 url = {http://doi.acm.org/10.1145/2555243.2555252},
 doi = {10.1145/2555243.2555252},
 acmid = {2555252},
 publisher = {ACM},
 address = {New York, NY, USA},
 keywords = {deterministic execution, lazy release consistency, multithreading},
}

@inproceedings{Conversion, 
 author = {Merrifield, Timothy and Eriksson, Jakob},
 title = {Conversion: Multi-version Concurrency Control for Main Memory Segments},
 booktitle = {Proceedings of the 8th ACM European Conference on Computer Systems},
 series = {EuroSys '13},
 year = {2013},
 isbn = {978-1-4503-1994-2},
 location = {Prague, Czech Republic},
 pages = {127--139},
 numpages = {13},
 url = {http://doi.acm.org/10.1145/2465351.2465365},
 doi = {10.1145/2465351.2465365},
 acmid = {2465365},
 publisher = {ACM},
 address = {New York, NY, USA},
}

@misc{DthreadsProject,
 title = {Improved APIs and Programming Models for Deterministic Multithreading},
 author = "{Aarti Basant, James Paton, Seth Pollen}",
 howpublished = "\url{http://pages.cs.wisc.edu/~bart/736/f2011/PosterSession.html}",
 year = {2011},
 month = {December},
}

@misc{traceinsideos,
 title = {How do I use performance counters inside of the kernel?},
 author = "{Vincent Weaver}",
 howpublished = "\url{http://web.eece.maine.edu/~vweaver/projects/perf_events/faq.html#q2f}",
}

@inproceedings{dsm:munin,
 author = {Carter, John B. and Bennett, John K. and Zwaenepoel, Willy},
 title = {Implementation and performance of {Munin}},
 booktitle = {SOSP '91: Proceedings of the thirteenth ACM symposium on Operating systems principles},
 year = {1991},
 isbn = {0-89791-447-3},
 pages = {152--164},
 location = {Pacific Grove, California, United States},
 doi = {http://doi.acm.org/10.1145/121132.121159},
 publisher = {ACM},
 address = {New York, NY, USA},
}   

@inproceedings{dsm:treadmarks,
 author = {Keleher, Pete and Cox, Alan L. and Dwarkadas, Sandhya and Zwaenepoel, Willy},
 title = {TreadMarks: distributed shared memory on standard workstations and operating systems},
 booktitle = {Proceedings of the USENIX Winter 1994 Technical Conference on USENIX Winter 1994 Technical Conference},
 year = {1994},
 location = {San Francisco, California},
 pages = {10--10},
 numpages = {1},
 url = {http://portal.acm.org/citation.cfm?id=1267074.1267084},
 acmid = {1267084},
 publisher = {USENIX Association},
 address = {Berkeley, CA, USA},
}

@inproceedings{HPCToolkit,
 author = {Liu, Xu and Mellor-Crummey, John},
 title = {Pinpointing Data Locality Problems Using Data-centric Analysis},
 booktitle = {Proceedings of the 9th Annual IEEE/ACM International Symposium on Code Generation and Optimization},
 series = {CGO '11},
 year = {2011},
 isbn = {978-1-61284-356-8},
 pages = {171--180},
 numpages = {10},
 url = {http://dl.acm.org/citation.cfm?id=2190025.2190064},
 acmid = {2190064},
 publisher = {IEEE Computer Society},
 address = {Washington, DC, USA},
} 

@misc{detectptu,
 title = {Intel Performance Tuning Utility 3.2 Update },
 organization = "{Intel Corporation}",
 year = {2008},
 month = {November},
}

@misc{detect:intel,
 title = {Avoiding and Identifying False Sharing Among Threads},
 author = "{Intel Corporation}",
 howpublished = "\url{http://software.intel.com/en-us/articles/avoiding-and-identifying-false-sharing-among-threads/}",
 year = {2010},
 month = {February},
}

@misc{pebs,
	title = {Performance Analysis Guide},
  author = "{David Levinthal}",
  howpublished = "\url{https://software.intel.com/sites/products/collateral/hpc/vtune/performance_analysis_guide.pdf}",
  year = {2008},
}

@misc{ibs,
	title = {Instruction-Based Sampling: A New Performance Analysis Technique for AMD Family 10h Processors},
  author = "{Paul J. Drongowski}",
  howpublished = "\url{http://developer.amd.com/wordpress/media/2012/10/AMD_IBS_paper_EN.pdf}",
  year = {2007},
 month = {November},
}




@misc{fs:java1,
 title = {Mechanical Sympathy-Hardware and software working together in harmony}, 
 author = "{ Martin Thompson}",
 howpublished = "\url{http://mechanical-sympathy.blogspot.com/2011/07/false-sharing.html}",
 year = {2011},
 month = {July},
}

@misc{fs:java2,
 title = {concurrentlinkedhashmap:A ConcurrentLinkedHashMap for Java},
 author = "{Unknown}",
 howpublished = "\url{https://code.google.com/p/concurrentlinkedhashmap/wiki/Changelog}",
 year = {2013},
 month = {August},
}

@misc{fs:java3,
 title = {False sharing induced by card table marking},
 author = "{David Dice}",
 howpublished = "\url{https://blogs.oracle.com/dave/entry/false_sharing_induced_by_card}",
 year = {2011},
 month = {February},
}

@misc{fs:java4,
 title = {False sharing between PSPromotionManager instances},
 author = "{Stefan Karlsson}",
 howpublished = "\url{https://bugs.openjdk.java.net/browse/JDK-8022880?page=com.atlassian.jira.plugin.system.issuetabpanels:all-tabpanel}",
 year = {2013},
 month = {August},
}

@misc{fs:kernel1,
 title = {Re:xen, OpenMosix + pretty gui = virtual iron killer},
 author = "{Moshe Bar}",
 howpublished = "\url{http://old-list-archives.xenproject.org/xen-devel/2005-02/msg00878.html}",
 year = {2005},
 month = {February},
}

@misc{fs:kernel2,
 title = {[PATCH 13/21] i386 Gdt page isolation},
 author = "{Zachary Amsden}",
 howpublished = "\url{http://thr3ads.net/linux-virtualization/2007/04/433381-PATCH-13-21-i386-Gdt-page-isolation}",
 year = {2007},
 month = {April},
}

@misc{fs:python1,
 title = {[Python-Dev] GIL removal question},
 author = "{Sturla Molden}",
 howpublished = "\url{https://mail.python.org/pipermail/python-dev/2011-August/112840.html}",
 year = {2011},
 month = {August},
}

@misc{fs:python2,
 title = {Profiling scipy.weave inline codes},
 author = "{Rakulan S.}",
 howpublished = "\url{http://stackoverflow.com/questions/14441065/profiling-scipy-weave-inline-codes}",
 year = {2013},
 month = {January},
}

@misc{fs:openmp1,
 title = {false-sharing.c in OpenMP-examples},
 author = "{Nikolay Balandin}",
 howpublished = "\url{https://github.com/nbalandin/OpenMP-examples/blob/master/false-sharing/false-sharing.c}",
 year = {2014},
 month = {February},
}

@misc{fs:openmp2,
 title = {Using OpenMP for programming parallel threads in multicore applications: Part 2},
 author = "{Shameem Akhter and Jason Roberts}",
 howpublished = "\url{http://www.embedded.com/design/mcus-processors-and-socs/4007155/Using-OpenMP-for-programming-parallel-threads-in-multicore-applications-Part-2}",
 year = {2007},
 month = {August},
}

@misc{fs:lib1,
 title = {False Sharing hits again!},
 author = "{Gaetano Mendola}",
 howpublished = "\url{http://cpp-today.blogspot.com/2008/05/false-sharing-hits-again.html}",
 year = {2008},
 month = {May},
}

@misc{fs:lib2liburcu,
 title = "{[PATCH V2] urcu: avoid false sharing for rcu\_gp\_ctr}",
 author = "{Jiangshan Lai}",
 howpublished = "\url{http://lists.lttng.org/pipermail/lttng-dev/2012-December/019282.html}",
 year = {2012},
 month = {December},
}

@misc{fs:hypervisor,
 title = "Characterizing the Performance and Scalability of Many-core Applications on Virtualized Platforms",
 author = "Xiang Song and Haibo Chen and Binyu Zang",
 howpublished = "\url{http://ppi.fudan.edu.cn/_media/xen-profile-report.pdf}",
 year = {2010},
 month = {November},
}



@INPROCEEDINGS{fs:hypervisor1,
 author={S. Lankes and P. Reble},
 title={MetalSVM: Integration of Shared Virtual Memory Management to a Bare-Metal Hypervisor for future Many-core Processors},
 booktitle={{5th USENIX Workshop on Hot Topics in Parallelism (HotPar 13)}},
 address={San Jose, CA, USA},
 year={2013},
 month={June},
 url={https://www.usenix.org/conference/hotpar13/poster-session},
 keywords = {MetalSVM, Many-core, Intel SCC, Unconventional Clusters},
note = {Poster Paper}
}

@inproceedings{fs:hypervisor2,
 author = {Chen, Haibo and Zang, Binyu},
 title = {A Case for Secure and Scalable Hypervisor Using Safe Language},
 booktitle = {Proceedings of the 2012 International Workshop on Programming Models and Applications for Multicores and Manycores},
 series = {PMAM '12},
 year = {2012},
 isbn = {978-1-4503-1211-0},
 location = {New Orleans, Louisiana},
 pages = {134--139},
 numpages = {6},
 url = {http://doi.acm.org/10.1145/2141702.2141717},
 doi = {10.1145/2141702.2141717},
 acmid = {2141717},
 publisher = {ACM},
 address = {New York, NY, USA},
 keywords = {aspect-oriented design, hypervisor, object-oriented design, scalability, trustworthiness, verification},
} 


@inproceedings{fs:hypervisor3,
 author = {Dunlap, George W. and Lucchetti, Dominic G. and Fetterman, Michael A. and Chen, Peter M.},
 title = {Execution Replay of Multiprocessor Virtual Machines},
 booktitle = {Proceedings of the Fourth ACM SIGPLAN/SIGOPS International Conference on Virtual Execution Environments},
 series = {VEE '08},
 year = {2008},
 isbn = {978-1-59593-796-4},
 location = {Seattle, WA, USA},
 pages = {121--130},
 numpages = {10},
 url = {http://doi.acm.org/10.1145/1346256.1346273},
 doi = {10.1145/1346256.1346273},
 acmid = {1346273},
 publisher = {ACM},
 address = {New York, NY, USA},
 keywords = {ReVirt, Xen, determinism, direct memory access, execution replay, hardware page protections, multiprocessors, multithreading, virtual machines},
} 


@mastersthesis{falseshare:simulator,
 author = {Martin Schindewolf},
 title = {Analysis of Cache Misses Using {SIMICS}},
 year = {2007},
 school = {Institute for Computing Systems Architecture, University of Edinburgh},
}

@mastersthesis{falseshare:binaryinstrumentation2,
 author = {Chien-Lung Liu},
 title = {False Sharing Analysis for Multithreaded Programs},
 year = {2009},
 month = {July},
 school = {National Chung Cheng University},
}

@inproceedings{falseshare:binaryinstrumentation1,
 author = {G\"{u}nther, Stephan M. and Weidendorfer, Josef},
 title = {Assessing cache false sharing effects by dynamic binary instrumentation},
 booktitle = {WBIA '09: Proceedings of the Workshop on Binary Instrumentation and Applications},
 year = {2009},
 isbn = {978-1-60558-793-6},
 pages = {26--33},
 location = {New York, New York},
 doi = {http://doi.acm.org/10.1145/1791194.1791198},
 publisher = {ACM},
 address = {New York, NY, USA},
}

@InProceedings{qinzhao,
  title     = "Dynamic Cache Contention Detection in Multi-threaded Applications",
  author    = "Qin Zhao and David Koh and Syed Raza and Derek Bruening and Weng-Fai Wong and Saman Amarasinghe",
  booktitle = "The International Conference on Virtual Execution Environments",
  address   = "Newport Beach, CA",
  month     = "Mar",
  year      = "2011",
  keywords  = "Umbra",
  url       = "http://groups.csail.mit.edu/commit/papers/2011/zhao-vee11-cache-contention.pdf",
} 

@inproceedings{mldetect,
 author = {Jayasena, Sanath and Amarasinghe, Saman and Abeyweera, Asanka and Amarasinghe, Gayashan and De Silva, Himeshi and Rathnayake, Sunimal and Meng, Xiaoqiao and Liu, Yanbin},
 title = {Detection of False Sharing Using Machine Learning},
 booktitle = {Proceedings of SC13:  International Conference for High Performance Computing, Networking, Storage and Analysis},
 series = {SC '13},
 year = {2013},
 isbn = {978-1-4503-2378-9},
 location = {Denver, Colorado},
 pages = {30:1--30:9},
 articleno = {30},
 numpages = {9},
 url = {http://doi.acm.org/10.1145/2503210.2503269},
 doi = {10.1145/2503210.2503269},
 acmid = {2503269},
 publisher = {ACM},
 address = {New York, NY, USA},
 keywords = {false sharing, machine learning, performance events},
} 

@inproceedings{DProf,
 author = {Pesterev, Aleksey and Zeldovich, Nickolai and Morris, Robert T.},
 title = {Locating cache performance bottlenecks using data profiling},
 booktitle = {EuroSys '10: Proceedings of the 5th European conference on Computer systems},
 year = {2010},
 isbn = {978-1-60558-577-2},
 pages = {335--348},
 location = {Paris, France},
 doi = {http://doi.acm.org/10.1145/1755913.1755947},
 publisher = {ACM},
 address = {New York, NY, USA},
 }

@inproceedings{falseshare:compile,
 author = {Jeremiassen, Tor E. and Eggers, Susan J.},
 title = {Reducing false sharing on shared memory multiprocessors through compile time data transformations},
 booktitle = {PPOPP '95: Proceedings of the fifth ACM SIGPLAN symposium on Principles and practice of parallel programming},
 year = {1995},
 isbn = {0-89791-701-6},
 pages = {179--188},
 location = {Santa Barbara, California, United States},
 doi = {http://doi.acm.org/10.1145/209936.209955},
 publisher = {ACM},
 address = {New York, NY, USA},
}

@inproceedings{falseshare:schedule,
 author = {Chow, Jyh-Herng and Sarkar, Vivek},
 title = {False Sharing Elimination by Selection of Runtime Scheduling Parameters},
 booktitle = {ICPP '97: Proceedings of the international Conference on Parallel Processing},
 year = {1997},
 isbn = {0-8186-8108-X},
 pages = {396--403},
 publisher = {IEEE Computer Society},
 address = {Washington, DC, USA},
}

@inproceedings{Hoard,
 author = {Emery D. Berger and Kathryn S. McKinley and Robert D. Blumofe and Paul R. Wilson},
 title = {Hoard: a scalable memory allocator for multithreaded applications},
 booktitle = {ASPLOS-IX: Proceedings of the ninth international conference on Architectural support for programming languages and operating systems},
 year = {2000},
 isbn = {1-58113-317-0},
 pages = {117--128},
 location = {Cambridge, Massachusetts, United States},
 doi = {http://doi.acm.org/10.1145/378993.379232},
 publisher = {ACM Press},
 address = {New York, NY, USA},
 }


@misc{javafs,
 title = {False sharing induced by card table marking},
 author = "{David Dice}",
 howpublished = "\url{https://blogs.oracle.com/dave/entry/false_sharing_induced_by_card}",
 year = {2011},
 month = {February},
}

@misc{javapopular,
 title = {TIOBE Index for December 2014},
 author = "{tiobe.com}",
 howpublished = "\url{http://www.tiobe.com/index.php/content/paperinfo/tpci/index.html}",
 year = {2014},
 month = {December},
}

@misc{hadoop,
 title = {Welcome to Apache Hadoop!},
 author = "{Hadoop Community}",
 howpublished = "\url{http://hadoop.apache.org/}",
 year = {2014},
 month = {November},
}

@misc{Spark,
 title = {Spark: Lightning-fast cluster computing},
 author = "{Spark Community}",
 howpublished = "\url{http://spark.apache.org/}",
 year = {2014},
 month = {November},
}

@inproceedings{Blackburn:2004:BFF:1029873.1029891,
 author = {Blackburn, Stephen M. and Hosking, Antony L.},
 title = {Barriers: Friend or Foe?},
 booktitle = {Proceedings of the 4th International Symposium on Memory Management},
 series = {ISMM '04},
 year = {2004},
 isbn = {1-58113-945-4},
 location = {Vancouver, BC, Canada},
 pages = {143--151},
 numpages = {9},
 url = {http://doi.acm.org/10.1145/1029873.1029891},
 doi = {10.1145/1029873.1029891},
 acmid = {1029891},
 publisher = {ACM},
 address = {New York, NY, USA},
 keywords = {garbage collection, java, memory management, write barriers},
} 

@inproceedings{javaallocation, 
 author = {Dombrowski, Marcel and Kent, Kenneth B. and Dawson, Michael and Gracie, Charlie and Herpers, Rainer},
 title = {Dynamic Monitor Allocation in the Java Virtual Machine},
 booktitle = {Proceedings of the 11th International Workshop on Java Technologies for Real-time and Embedded Systems},
 series = {JTRES '13},
 year = {2013},
 isbn = {978-1-4503-2166-2},
 location = {Karlsruhe, Germany},
 pages = {30--37},
 numpages = {8},
 url = {http://doi.acm.org/10.1145/2512989.2512996},
 doi = {10.1145/2512989.2512996},
 acmid = {2512996},
 publisher = {ACM},
 address = {New York, NY, USA},
 keywords = {Java, Java virtual machine, dynamic allocation, lockwords, monitors},
} 

@misc{Javathreads,
 title = {JVM Internals},
 author = "{James D Bloom}",
 howpublished = "\url{http://blog.jamesdbloom.com/JVMInternals.html}",
 year = {2013},
 month = {November},
}

@misc{loadbalance,
 title = {Origin 2000 and Onyx2 Performance Tuning and Optimization Guide},
 author = {David Cortesi},
 howpublished = "\url{http://techpubs.sgi.com/library/dynaweb_docs/0650/SGI_Developer/books/OrOn2_PfTune/sgi_html/ch08.html}",
 year = {1998}
}

@techreport{loadbalance2,
  author = {David  Beniamine and Matthias  Diener and  Guillaume  Huard and Philippe  Olivier  and Alexandre  Navaux}, 
  title = {TABARNAC: Tools for Analyzing Behavior of Applications Running on NUMA Architecture}, 
  year = {2015}, 
}

@techreport{loadbalance3,
  author = {Laercio L.Pilla and Christiane Pousa Ribeiro and  Daniel Cordeiro and Abhinav Bhatele and Philippe O.A.Navaux and Jean-Francois Mehaut and Laxmikant V.Kale}, 
  title = {Improving Parallel System Performance with a NUMA-aware Load Balancer},
  howpublished = "\url{http://hdl.handle.net/2142/25911}",
  year = {2011}, 
}

@misc{gnupth,
 title = {GNU Pth - The GNU Portable Threads},
 author = "{ Ralf S. Engelschall}",
 howpublished = "\url{http://www.gnu.org/software/pth/}",
}


@misc{libfiber,
 title = {A User Space Threading Library Supporting Multi-Core Systems },
 author = "{Brian Watling and Michael Ploujnikov}",
 howpublished = "\url{https://github.com/brianwatling/libfiber}",
}

@misc{libtask,
 title = {Libtask: a Coroutine Library for C and Unix},
 author = "{Russ Cox}",
 howpublished = "\url{https://swtch.com/libtask/}",
}

@misc{linuxthreads,
 title = {The LinuxThreads library},
 author = "{Xavier Leroy}",
 howpublished = "\url{http://pauillac.inria.fr/~xleroy/linuxthreads/}",
}

@misc{ngpt,
 title = {Native POSIX Thread Library},
 author = "{IBM}",
 howpublished = "\url{https://en.wikipedia.org/wiki/Native_POSIX_Thread_Library}",
}


@inproceedings{dunkels06protothreads,
  author = {Adam Dunkels and Oliver Schmidt and Thiemo Voigt and
                  Muneeb Ali},
  title = {Protothreads: Simplifying Event-Driven Programming
                  of Memory-Constrained Embedded Systems},
  booktitle = {Proceedings of the Fourth ACM Conference on Embedded
                  Networked Sensor Systems (SenSys 2006)},
  year = 2006,
  month = nov,
  address = {Boulder, Colorado, USA},
  url = {http://dunkels.com/adam/dunkels06protothreads.pdf},
}

@INPROCEEDINGS{Mueller93alibrary,
    author = {Frank Mueller},
    title = {A library implementation of POSIX threads under UNIX},
    booktitle = {In Proceedings of the USENIX Conference},
    year = {1993},
    pages = {29--41}
}

@incollection{threadaffinity,
year={2006},
isbn={978-3-540-68039-0},
booktitle={High Performance Computing - HiPC 2006},
volume={4297},
series={Lecture Notes in Computer Science},
editor={Robert, Yves and Parashar, Manish and Badrinath, Ramamurthy and Prasanna, ViktorK.},
doi={10.1007/11945918_35},
title={Exploring Thread and Memory Placement on NUMA Architectures: Solaris and Linux, UltraSPARC/FirePlane and Opteron/HyperTransport},
url={http://dx.doi.org/10.1007/11945918_35},
publisher={Springer Berlin Heidelberg},
author={Antony, Joseph and Janes, PeteP. and Rendell, AlistairP.},
pages={338-352},
language={English}
}

@inproceedings{llvm,
 author = {Lattner, Chris and Adve, Vikram},
 title = {{LLVM}: A Compilation Framework for Lifelong Program Analysis \& Transformation},
 booktitle = {Proceedings of the International Symposium on Code Generation and Optimization: Feedback-directed and Runtime Optimization},
 series = {CGO '04},
 year = {2004},
 isbn = {0-7695-2102-9},
 location = {Palo Alto, California},
 pages = {75--},
 url = {http://dl.acm.org/citation.cfm?id=977395.977673},
 acmid = {977673},
 publisher = {IEEE Computer Society},
 address = {Washington, DC, USA},
} 

@book{Bovet:2005:ULK:1077084,
 author = {Bovet, Daniel and Cesati, Marco},
 title = {Understanding The Linux Kernel},
 year = {2005},
 isbn = {0596005652},
 publisher = {Oreilly \& Associates Inc},
} 

@inproceedings{Bhatele:2009:DTA:1542275.1542295,
 author = {Bhatel{\'e}, Abhinav and Kal{\'e}, Laxmikant V. and Kumar, Sameer},
 title = {Dynamic Topology Aware Load Balancing Algorithms for Molecular Dynamics Applications},
 booktitle = {Proceedings of the 23rd International Conference on Supercomputing},
 series = {ICS '09},
 year = {2009},
 isbn = {978-1-60558-498-0},
 location = {Yorktown Heights, NY, USA},
 pages = {110--116},
 numpages = {7},
 url = {http://doi.acm.org/10.1145/1542275.1542295},
 doi = {10.1145/1542275.1542295},
 acmid = {1542295},
 publisher = {ACM},
 address = {New York, NY, USA},
 keywords = {load balancing, mapping, mesh, topology, torus},
} 

@inproceedings{Ribeiro:2009:MAH:1683313.1685044,
 author = {Ribeiro, Christiane Pousa and Mehaut, Jean-Francois and Carissimi, Alexandre and Castro, Marcio and Fernandes, Luiz Gustavo},
 title = {Memory Affinity for Hierarchical Shared Memory Multiprocessors},
 booktitle = {Proceedings of the 2009 21st International Symposium on Computer Architecture and High Performance Computing},
 series = {SBAC-PAD '09},
 year = {2009},
 isbn = {978-0-7695-3857-0},
 pages = {59--66},
 numpages = {8},
 url = {http://dx.doi.org/10.1109/SBAC-PAD.2009.16},
 doi = {10.1109/SBAC-PAD.2009.16},
 acmid = {1685044},
 publisher = {IEEE Computer Society},
 address = {Washington, DC, USA},
 keywords = {MAi, NUMA, Memory Affinity, NAS, ICTM},
} 

@misc{jemalloc,
  author = {Jason Evans},
  title = {Scalable memory allocation using jemalloc},
  howpublished = {"\url{https://www.facebook.com/notes/facebook-engineering/scalable-memory-allocation-using-jemalloc/480222803919/}"},
  year={2011}
} 

@misc{jemalloc2,
  author = {Jason Evans},
  title = {jemalloc},
  howpublished = "\url{http://www.canonware.com/jemalloc/}"
} 
@article{Gaud:2015:CMM:2838344.2852078,
 author = {Gaud, Fabien and Lepers, Baptiste and Funston, Justin and Dashti, Mohammad and Fedorova, Alexandra and Qu{\'e}ma, Vivien and Lachaize, Renaud and Roth, Mark},
 title = {Challenges of Memory Management on Modern NUMA System},
 journal = {Queue},
 issue_date = {September-October 2015},
 volume = {13},
 number = {8},
 month = oct,
 year = {2015},
 issn = {1542-7730},
 pages = {70:70--70:85},
 articleno = {70},
 numpages = {16},
 url = {http://doi.acm.org/10.1145/2838344.2852078},
 doi = {10.1145/2838344.2852078},
 acmid = {2852078},
 publisher = {ACM},
 address = {New York, NY, USA},
} 

@inproceedings{Harrow:2000:RCM:645880.672080,
 author = {Harrow, Jerry J.},
 title = {Runtime Checking of Multithreaded Applications with Visual Threads},
 booktitle = {Proceedings of the 7th International SPIN Workshop on SPIN Model Checking and Software Verification},
 year = {2000},
 isbn = {3-540-41030-9},
 pages = {331--342},
 numpages = {12},
 url = {http://dl.acm.org/citation.cfm?id=645880.672080},
 acmid = {672080},
 publisher = {Springer-Verlag},
 address = {London, UK, UK},
} 

@article{ronsse2004efficient,
  title={An efficient data race detector backend for DIOTA},
  author={Ronsse, Michiel and Stougie, Bastiaan and Maebe, Jonas and Cornelis, Frank and De Bosschere, Koenraad},
  journal={Advances in Parallel Computing},
  volume={13},
  pages={39--46},
  year={2004},
  publisher={Elsevier}
}

@article{newsome2005dynamic,
  title={Dynamic taint analysis for automatic detection, analysis, and signature generation of exploits on commodity software},
  author={Newsome, James and Song, Dawn},
  year={2005},
  publisher={Internet Society}
}

@inproceedings{Lattner:2004:LCF:977395.977673,
 author = {Lattner, Chris and Adve, Vikram},
 title = {LLVM: A Compilation Framework for Lifelong Program Analysis \& Transformation},
 booktitle = {Proceedings of the International Symposium on Code Generation and Optimization: Feedback-directed and Runtime Optimization},
 series = {CGO '04},
 year = {2004},
 isbn = {0-7695-2102-9},
 location = {Palo Alto, California},
 pages = {75--},
 url = {http://dl.acm.org/citation.cfm?id=977395.977673},
 acmid = {977673},
 publisher = {IEEE Computer Society},
 address = {Washington, DC, USA},
} 




@inproceedings{Cheng:2006:TEF:1157733.1157903,
 author = {Cheng, Winnie and Zhao, Qin and Yu, Bei and Hiroshige, Scott},
 title = {TaintTrace: Efficient Flow Tracing with Dynamic Binary Rewriting},
 booktitle = {Proceedings of the 11th IEEE Symposium on Computers and Communications},
 series = {ISCC '06},
 year = {2006},
 isbn = {0-7695-2588-1},
 pages = {749--754},
 numpages = {6},
 url = {http://dx.doi.org/10.1109/ISCC.2006.158},
 doi = {10.1109/ISCC.2006.158},
 acmid = {1157903},
 publisher = {IEEE Computer Society},
 address = {Washington, DC, USA},
} 


@inproceedings{AddressSanitizer,
 author = {Serebryany, Konstantin and Bruening, Derek and Potapenko, Alexander and Vyukov, Dmitry},
 title = {AddressSanitizer: A Fast Address Sanity Checker},
 booktitle = {Proceedings of the 2012 USENIX Conference on Annual Technical Conference},
 series = {USENIX ATC'12},
 year = {2012},
 location = {Boston, MA},
 pages = {28--28},
 numpages = {1},
 url = {http://dl.acm.org/citation.cfm?id=2342821.2342849},
 acmid = {2342849},
 publisher = {USENIX Association},
 address = {Berkeley, CA, USA},
} 



@InProceedings{zhao:vee:2011,
  title     = "Dynamic Cache Contention Detection in Multi-threaded Applications",
  author    = "Qin Zhao and David Koh and Syed Raza and Derek Bruening and Weng-Fai Wong and Saman Amarasinghe",
  booktitle = "The International Conference on Virtual Execution Environments",
  address   = "Newport Beach, CA",
  month     = "Mar",
  year      = "2011",
  keywords  = "Umbra",
  url       = "http://groups.csail.mit.edu/commit/papers/2011/zhao-vee11-cache-contention.pdf",
}

@inproceedings{Lof:2005:AIP:1088149.1088201,
 author = {L\"{o}f, Henrik and Holmgren, Sverker},
 title = {Affinity-on-next-touch: Increasing the Performance of an Industrial PDE Solver on a cc-NUMA System},
 booktitle = {Proceedings of the 19th Annual International Conference on Supercomputing},
 series = {ICS '05},
 year = {2005},
 isbn = {1-59593-167-8},
 location = {Cambridge, Massachusetts},
 pages = {387--392},
 numpages = {6},
 url = {http://doi.acm.org/10.1145/1088149.1088201},
 doi = {10.1145/1088149.1088201},
 acmid = {1088201},
 publisher = {ACM},
 address = {New York, NY, USA},
 keywords = {OpenMP, TLB shoot-down, cc-NUMA, computational electro-magnetics, conjugate gradients, large pages, page migration, sparse matrices},
} 


@INPROCEEDINGS{Mucci99papi,
    author = {Philip J. Mucci and Shirley Browne and Christine Deane and George Ho},
    title = {PAPI: A Portable Interface to Hardware Performance Counters},
    booktitle = {In Proceedings of the Department of Defense HPCMP Users Group Conference},
    year = {1999},
    pages = {7--10}
}

@inproceedings{Liu:2014:TAP:2555243.2555271,
 author = {Liu, Xu and Mellor-Crummey, John},
 title = {A Tool to Analyze the Performance of Multithreaded Programs on NUMA Architectures},
 booktitle = {Proceedings of the 19th ACM SIGPLAN Symposium on Principles and Practice of Parallel Programming},
 series = {PPoPP '14},
 year = {2014},
 isbn = {978-1-4503-2656-8},
 location = {Orlando, Florida, USA},
 pages = {259--272},
 numpages = {14},
 url = {http://doi.acm.org/10.1145/2555243.2555271},
 doi = {10.1145/2555243.2555271},
 acmid = {2555271},
 publisher = {ACM},
 address = {New York, NY, USA},
 keywords = {NUMA, memory access pattern, performance optimization, profiler, threads},
} 


@misc{perfevent,
 title = {perf\_event Programming Guide},
 author = "{Vince Weaver}",
 howpublished = "\url{http://web.eece.maine.edu/~vweaver/projects/perf_events/programming.html}",
 year = {2014},
}

@misc{proc,
 title = {procfs},
 author = "{Wikipedia}",
 howpublished = "\url{http://en.wikipedia.org/wiki/Procfs}",
 year = {2010},
}

@misc{xen,
 title = "{The Xen Project: Powers the largest clouds in production}",
 author = "{Xen Community}",
 howpublished = "\url{http://www.xenproject.org/}",
 year = {2014},
}

@techreport{LULESH2:changes,
author = {Ian Karlin and Jeff Keasler and Rob Neely},
title = {LULESH 2.0 Updates and Changes},number = {LLNL-TR-641973},
location = {Livermore, CA},
pages = {1-9},
year = {2013},
month = {August}
}

@misc{Amg2006,
 title = "{ASC Sequoia Benchmark Codes}",
 author = "{Lawrence   Livermore   National   Laboratory}",
 howpublished = "\url{https://asc.llnl.gov/sequoia/benchmarks/}",
 year = {2013},
}

@misc{coral, 
 title = "{LLNL Coral Benchmarks codes}",
 author = "{Lawrence   Livermore   National   Laboratory}",
 howpublished = "\url{https://asc.llnl.gov/CORAL-benchmarks/}",
 year = {2013},
}

@INPROCEEDINGS{1525999,
author={Man-Lap Li and R. Sasanka and S. V. Adve and Yen-Kuang Chen and E. Debes},
booktitle={IEEE International. 2005 Proceedings of the IEEE Workload Characterization Symposium, 2005.},
title={The ALPBench benchmark suite for complex multimedia applications},
year={2005},
pages={34-45},
keywords={benchmark testing;decoding;face recognition;multi-threading;multimedia computing;ray tracing;speech recognition;video coding;ALPBench benchmark suite;CMU Sphinx 3;Inters SSE2 instructions;MPEG-2 decode;MPEG-2 encode;POSIX threads;Tachyon;compiler optimizations;complex multimedia applications;data-level parallelism;face recognition;instruction-level parallelism;ray tracing;speech recognition;sub-word SIMD;thread-level parallelism;Application software;Computer architecture;Decoding;Face recognition;Kernel;Parallel processing;Ray tracing;Speech recognition;Videoconference;Yarn},
doi={10.1109/IISWC.2005.1525999},
month={Oct},}

@misc{kvm,
 title = "{KVM: Kernel Based Virtual Machine }",
 author = "{KVM Community}",
 howpublished = "\url{http://www.linux-kvm.org/page/Main_Page}",
 year = {2014},
}
    
@inproceedings{Nikolaev:2011:PFP:1952682.1952687,
 author = {Nikolaev, Ruslan and Back, Godmar},
 title = {Perfctr-Xen: A Framework for Performance Counter Virtualization},
 booktitle = {Proceedings of the 7th ACM SIGPLAN/SIGOPS International Conference on Virtual Execution Environments},
 series = {VEE '11},
 year = {2011},
 isbn = {978-1-4503-0687-4},
 location = {Newport Beach, California, USA},
 pages = {15--26},
 numpages = {12},
 url = {http://doi.acm.org/10.1145/1952682.1952687},
 doi = {10.1145/1952682.1952687},
 acmid = {1952687},
 publisher = {ACM},
 address = {New York, NY, USA},
 keywords = {hpctoolkit, papi, perfctr, profilers, virtual machine monitors, xen},
} 


@article{icl:688,
author      = {Johnson, M. and McCraw, H. and Moore, S. and Mucci, P. and Nelson, J. and Terpstra, D. and Weaver, V. and Mohan, T.},
title       = {PAPI-V: Performance Monitoring for Virtual Machines},
booktitle   = {CloudTech-HPC 2012},
institution = {Innovative Computing Laboratory, University of Tennessee},
address     = {Pittsburgh, PA},
month       = {September},
year        = {2012}
}

@ARTICLE{Geer1430623, 
author={Geer, David}, 
journal={Computer}, 
title={Chip makers turn to multicore processors}, 
year={2005}, 
volume={38}, 
number={5}, 
pages={11-13}, 
keywords={integrated circuit manufacture;microprocessor chips;multi-threading;semiconductor device manufacture;Moores law;chip makers;computer performance;multicore processor chips;silicon piece;Computer industry;Computer performance;Energy efficiency;Manufacturing industries;Manufacturing processes;Moore's Law;Multicore processing;Portable computers;Silicon;Sun;dual-core chips;multicore processors;processor architectures}, 
doi={10.1109/MC.2005.160}, 
ISSN={0018-9162}, 
month={May},
}

@ARTICLE{Blake5230801, 
author={Blake, G. and Dreslinski, R.G. and Mudge, T.}, 
journal={Signal Processing Magazine, IEEE}, 
title={A survey of multicore processors}, 
year={2009}, 
volume={26}, 
number={6}, 
pages={26-37}, 
keywords={microprocessor chips;parallel processing;power aware computing;application domain;general purpose multicore processor;integrated peripheral;memory system;parallel processing;performance domain;power aspect;processing element;programmable arithmetic logic unit;Aerospace industry;Application software;Application specific integrated circuits;Digital signal processing chips;Energy consumption;Frequency;Multicore processing;Parallel machines;Parallel programming;Signal processing}, 
doi={10.1109/MSP.2009.934110}, 
ISSN={1053-5888}, 
month={November},
}

@ARTICLE{Pam4100923, 
author={Pam Frost Gorder}, 
journal={Computing in Science Engineering}, 
title={Multicore Processors for Science and Engineering}, 
year={2007}, 
volume={9}, 
number={2}, 
pages={3-7}, 
keywords={microprocessor chips;cell chip;computer chips;dual-core chip;engineering;multicore processors;quad-core chip;science;Bioinformatics;Concurrent computing;Design optimization;Educational institutions;Genomics;Large-scale systems;Lifting equipment;Multicore processing;Optimizing compilers;Quantum computing;CPU;chip speed;multicore;processors}, 
doi={10.1109/MCSE.2007.35}, 
ISSN={1521-9615}, 
month={March},}

@inproceedings{vanBerkel:2009:MMP:1874620.1874924,
 author = {van Berkel, C. H. (Kees)},
 title = {Multi-core for Mobile Phones},
 booktitle = {Proceedings of the Conference on Design, Automation and Test in Europe},
 series = {DATE '09},
 year = {2009},
 isbn = {978-3-9810801-5-5},
 location = {Nice, France},
 pages = {1260--1265},
 numpages = {6},
 url = {http://dl.acm.org/citation.cfm?id=1874620.1874924},
 acmid = {1874924},
 publisher = {European Design and Automation Association},
 address = {3001 Leuven, Belgium, Belgium},
} 

@INPROCEEDINGS{Wendel5434074, 
author={Wendel, D. and Kalla, R. and Cargoni, R. and Clables, J. and Friedrich, J. and Frech, R. and Kahle, J. and Sinharoy, B. and Starke, W. and Taylor, S. and Weitzel, S. and Chu, S.G. and Islam, S. and Zyuban, V.}, 
booktitle={Solid-State Circuits Conference Digest of Technical Papers (ISSCC), 2010 IEEE International}, 
title={The implementation of POWER7TM: A highly parallel and scalable multi-core high-end server processor}, 
year={2010}, 
pages={102-103}, 
keywords={DRAM chips;SRAM chips;cache storage;microprocessor chips;multiprocessing systems;parallel architectures;8-core chip;CMOS SOI;DRAM;Dcache;POWER7;memory size 256 KByte;memory size 32 KByte;memory size 32 MByte;on-chip cache hierarchy;parallel server processor;private SRAM L2;read port banked write;scalable multicore high end server processor;shared L3;size 45 nm;CMOS technology;Capacitors;Clocks;Delay;Energy consumption;Frequency domain analysis;Logic;Random access memory;Voltage;Yarn}, 
doi={10.1109/ISSCC.2010.5434074}, 
ISSN={0193-6530}, 
month={Feb},
}

@ARTICLE{Torrellas286299, 
author={Torrellas, J. and Lam, M.S. and Hennessy, John L.}, 
journal={Computers, IEEE Transactions on}, 
title={False sharing and spatial locality in multiprocessor caches}, 
year={1994}, 
volume={43}, 
number={6}, 
pages={651-663}, 
keywords={buffer storage;performance evaluation;program compilers;shared memory systems;cache block;cache miss rates;coherence transactions;data cache;false sharing;interleaved fashion;multiprocessor caches;programmer-transparent method;shared data;shared-memory multiprocessors;spatial locality;Cache memory;Cache storage;Computer science education;Delay;Hardware;Interleaved codes;Large-scale systems;Optimizing compilers;Pensions;Programming profession}, 
doi={10.1109/12.286299}, 
ISSN={0018-9340}, 
month={Jun},
}

@INPROCEEDINGS{Akella1249759, 
author={Akella, A. and Seshan, S. and Balakrishnan, H.}, 
booktitle={Network Protocols, 2003. Proceedings. 11th IEEE International Conference on}, 
title={The impact of false sharing on shared congestion management}, 
year={2003}, 
pages={84-94}, 
keywords={quality of service;queueing theory;telecommunication congestion control;telecommunication network management;telecommunication network routing;transport protocols;Internet;QoS enhancements;concurrent flows;congestion information;false sharing;flow classifier;packet loss patterns;packet reordering statistics;path diversity;quality of control;shared congestion control;shared congestion management;Bandwidth;Delay;Detectors;Displays;Engineering profession;Internet;Proposals;Quality of service;Robustness;Statistics}, 
doi={10.1109/ICNP.2003.1249759}, 
ISSN={1092-1648}, 
month={Nov},
}

@INPROCEEDINGS{Jong562898, 
author={Jong Woo Lee and Yookun Cho}, 
booktitle={Algorithms amp; Architectures for Parallel Processing, 1996. ICAPP 96. 1996 IEEE Second International Conference on}, 
title={An effective shared memory allocator for reducing false sharing in NUMA multiprocessors}, 
year={1996}, 
pages={373-382}, 
keywords={discrete event simulation;memory protocols;shared memory systems;storage allocation;virtual storage;NUMA multiprocessors;data sharing;execution-driven simulation;false sharing;large scale shared memory multiprocessors;memory coherence protocol;shared memory allocation mechanism;shared memory allocator;virtual memory;Access protocols;Computer architecture;Costs;Electronics industry;Hardware;Large-scale systems;System performance}, 
doi={10.1109/ICAPP.1996.562898}, 
month={Jun},}

@INPROCEEDINGS{valat:2018:numaprof, 
author={Sebastien Valat,Othman Bouizi}, 
booktitle={Mencagli G. et al. (eds) Euro-Par 2018: Parallel Processing Workshops. Euro-Par 2018. Lecture Notes in Computer Science, vol 11339. Springer, Cham}, 
title={NUMAPROF, A NUMA Memory Profiler}, 
year={2018}, 
pages={159-170}, 
keywords={NUMA;Memory;Profiler;Instrumentation;Pin;Access;Remote;MCDRAM;KNL}, 
doi={https://doi.org/10.1007/978-3-030-10549-5_13}, 
month={December},}

@inproceedings{Bolosky:1989:SBE:74850.74854,
 author = {Bolosky, W. and Fitzgerald, R. and Scott, M.},
 title = {Simple but Effective Techniques for NUMA Memory Management},
 booktitle = {Proceedings of the Twelfth ACM Symposium on Operating Systems Principles},
 series = {SOSP '89},
 year = {1989},
 isbn = {0-89791-338-8},
 pages = {19--31},
 numpages = {13},
 url = {http://doi.acm.org/10.1145/74850.74854},
 doi = {10.1145/74850.74854},
 acmid = {74854},
 publisher = {ACM},
 address = {New York, NY, USA},
} 

@article{Wang:2012:TEG:2381056.2381081,
 author = {Wang, Lingyuan and Huang, Miaoqing and El-Ghazawi, Tarek},
 title = {Towards Efficient GPU Sharing on Multicore Processors},
 journal = {SIGMETRICS Perform. Eval. Rev.},
 issue_date = {September 2012},
 volume = {40},
 number = {2},
 month = oct,
 year = {2012},
 issn = {0163-5999},
 pages = {119--124},
 numpages = {6},
 url = {http://doi.acm.org/10.1145/2381056.2381081},
 doi = {10.1145/2381056.2381081},
 acmid = {2381081},
 publisher = {ACM},
 address = {New York, NY, USA},
 keywords = {GPU, UPC, hybrid parallel programming, multicore},
} 

@ARTICLE{Euiseong4553699, 
author={Euiseong Seo and Jinkyu Jeong and Seonyeong Park and Joonwon Lee}, 
journal={Parallel and Distributed Systems, IEEE Transactions on}, 
title={Energy Efficient Scheduling of Real-Time Tasks on Multicore Processors}, 
year={2008}, 
volume={19}, 
number={11}, 
pages={1540-1552}, 
keywords={mobile computing;power aware computing;real-time systems;scheduling;dynamic core scaling algorithm;dynamic repartitioning algorithm;energy efficient scheduling;lower power consumption;mobile real-time systems;multicore processors;multiprocessor systems;power consumption;real-time tasks;Energy-aware systems;Multi-core/single-chip multiprocessors;Real-time systems and embedded systems;Scheduling and task partitioning}, 
doi={10.1109/TPDS.2008.104}, 
ISSN={1045-9219}, 
month={Nov},
}

@article{Zhuravlev:2012:SST:2379776.2379780,
 author = {Zhuravlev, Sergey and Saez, Juan Carlos and Blagodurov, Sergey and Fedorova, Alexandra and Prieto, Manuel},
 title = {Survey of Scheduling Techniques for Addressing Shared Resources in Multicore Processors},
 journal = {ACM Comput. Surv.},
 issue_date = {November 2012},
 volume = {45},
 number = {1},
 month = dec,
 year = {2012},
 issn = {0360-0300},
 pages = {4:1--4:28},
 articleno = {4},
 numpages = {28},
 url = {http://doi.acm.org/10.1145/2379776.2379780},
 doi = {10.1145/2379776.2379780},
 acmid = {2379780},
 publisher = {ACM},
 address = {New York, NY, USA},
 keywords = {Survey, cooperative resource sharing, power-aware scheduling, shared resource contention, thermal effects, thread level scheduling},
} 

@ARTICLE{Torrellas286299, 
author={Torrellas, J. and Lam, M.S. and Hennessy, John L.}, 
journal={Computers, IEEE Transactions on}, 
title={False sharing and spatial locality in multiprocessor caches}, 
year={1994}, 
volume={43}, 
number={6}, 
pages={651-663}, 
keywords={buffer storage;performance evaluation;program compilers;shared memory systems;cache block;cache miss rates;coherence transactions;data cache;false sharing;interleaved fashion;multiprocessor caches;programmer-transparent method;shared data;shared-memory multiprocessors;spatial locality;Cache memory;Cache storage;Computer science education;Delay;Hardware;Interleaved codes;Large-scale systems;Optimizing compilers;Pensions;Programming profession}, 
doi={10.1109/12.286299}, 
ISSN={0018-9340}, 
month={Jun},}

@inproceedings{Han:2010:PGS:1851182.1851207,
 author = {Han, Sangjin and Jang, Keon and Park, KyoungSoo and Moon, Sue},
 title = {PacketShader: A GPU-accelerated Software Router},
 booktitle = {Proceedings of the ACM SIGCOMM 2010 Conference},
 series = {SIGCOMM '10},
 year = {2010},
 isbn = {978-1-4503-0201-2},
 location = {New Delhi, India},
 pages = {195--206},
 numpages = {12},
 url = {http://doi.acm.org/10.1145/1851182.1851207},
 doi = {10.1145/1851182.1851207},
 acmid = {1851207},
 publisher = {ACM},
 address = {New York, NY, USA},
 keywords = {CUDA, GPU, software router},
}

@inproceedings{Jablin:2012:DMD:2259016.2259038,
 author = {Jablin, Thomas B. and Jablin, James A. and Prabhu, Prakash and Liu, Feng and August, David I.},
 title = {Dynamically Managed Data for CPU-GPU Architectures},
 booktitle = {Proceedings of the Tenth International Symposium on Code Generation and Optimization},
 series = {CGO '12},
 year = {2012},
 isbn = {978-1-4503-1206-6},
 location = {San Jose, California},
 pages = {165--174},
 numpages = {10},
 url = {http://doi.acm.org/10.1145/2259016.2259038},
 doi = {10.1145/2259016.2259038},
 acmid = {2259038},
 publisher = {ACM},
 address = {New York, NY, USA},
} 

@book{Venners:1999:IJV:540774,
 author = {Venners, Bill},
 title = {Inside the Java Virtual Machine},
 year = {1999},
 isbn = {0071350934},
 edition = {1st},
 publisher = {McGraw-Hill Professional},
} 

@book{Haggar:2000:PJP:518796,
 author = {Haggar, Peter},
 title = {Practical Java: Programming Language Guide},
 year = {2000},
 isbn = {0201616467},
 edition = {1st},
 publisher = {Addison-Wesley Longman Publishing Co., Inc.},
 address = {Boston, MA, USA},
} 

@misc{HotSpotArchitecture,
  title = {The Java HotSpot Performance Engine Architecture},
  author = "{Oracle}",
  howpublished = "\url{http://www.oracle.com/technetwork/java/whitepaper-135217.html}",
  year = {2010},
}

@misc{JVMMemoryManagement,
  title = {Memory Management in the Java HotSpot Virtual Machine},
  author = "{Sun Microsystems}",
  year = {2006},
}

@inproceedings{Ogata:2010:SJN:1869459.1869477,
 author = {Ogata, Kazunori and Mikurube, Dai and Kawachiya, Kiyokuni and Trent, Scott and Onodera, Tamiya},
 title = {A Study of Java's non-Java Memory},
 booktitle = {Proceedings of the ACM International Conference on Object Oriented Programming Systems Languages and Applications},
 series = {OOPSLA '10},
 year = {2010},
 isbn = {978-1-4503-0203-6},
 location = {Reno/Tahoe, Nevada, USA},
 pages = {191--204},
 numpages = {14},
 url = {http://doi.acm.org/10.1145/1869459.1869477},
 doi = {10.1145/1869459.1869477},
 acmid = {1869477},
 publisher = {ACM},
 address = {New York, NY, USA},
 keywords = {java, java native memory, memory footprint analysis, non-java memory},
} 

@inproceedings{Bollella:2003:PNM:949344.949443,
 author = {Bollella, Greg and Canham, Tim and Carson, Vanessa and Champlin, Virgil and Dvorak, Daniel and Giovannoni, Brian and Indictor, Mark and Meyer, Kenny and Murray, Alex and Reinholtz, Kirk},
 title = {Programming with Non-heap Memory in the Real Time Specification for Java},
 booktitle = {Companion of the 18th Annual ACM SIGPLAN Conference on Object-oriented Programming, Systems, Languages, and Applications},
 series = {OOPSLA '03},
 year = {2003},
 isbn = {1-58113-751-6},
 location = {Anaheim, CA, USA},
 pages = {361--369},
 numpages = {9},
 url = {http://doi.acm.org/10.1145/949344.949443},
 doi = {10.1145/949344.949443},
 acmid = {949443},
 publisher = {ACM},
 address = {New York, NY, USA},
 keywords = {architecture, programming model, scoped memory},
}

@book{eckert2011linux+,
  title={Linux+ Guide to Linux Certification},
  author={Eckert, J.},
  isbn={9781418837211},
  lccn={2010941575},
  series={Networking (Course Technology, Inc.)},
  year={2011},
  publisher={Cengage Learning}
}

@INPROCEEDINGS{Colmenares10resourcemanagement,
    author = {J. A. Colmenares and S. Bird and H. Cook and P. Pearce and D. Zhu and J. Shalf and K. Asanović and J. Kubiatowicz},
    title = {Resource management in the tessellation manycore os},
    booktitle = {In HotPAR},
    year = {2010}
}

@INPROCEEDINGS{KluesOS,
    author = {JKevin Klues, Barret Rhoden,  Andrew Waterman, David Zhu, Eric Brewer},
    title = {Processes and Resource Management in a Scalable Many-core OS},
    booktitle = {In HotPAR},
    year = {2010}
}


@techreport{Holliday:1989:EDP:868580,
 author = {Holliday, A M},
 title = {On the Effectiveness of Dynamic Page Placement},
 year = {1989},
 publisher = {Duke University},
 address = {Durham, NC, USA},
} 

@inproceedings{Holliday:1989:RHP:70082.68192,
 author = {Holliday, M. A.},
 title = {Reference History, Page Size, and Migration Daemons in Local/Remote Architectures},
 booktitle = {Proceedings of the Third International Conference on Architectural Support for Programming Languages and Operating Systems},
 series = {ASPLOS III},
 year = {1989},
 isbn = {0-89791-300-0},
 location = {Boston, Massachusetts, USA},
 pages = {104--112},
 numpages = {9},
 url = {http://doi.acm.org/10.1145/70082.68192},
 doi = {10.1145/70082.68192},
 acmid = {68192},
 publisher = {ACM},
 address = {New York, NY, USA},
} 


@inproceedings{Bolosky:1991:NPR:106972.106994,
 author = {Bolosky, William J. and Scott, Michael L. and Fitzgerald, Robert P. and Fowler, Robert J. and Cox, Alan L.},
 title = {NUMA Policies and Their Relation to Memory Architecture},
 booktitle = {Proceedings of the Fourth International Conference on Architectural Support for Programming Languages and Operating Systems},
 series = {ASPLOS IV},
 year = {1991},
 isbn = {0-89791-380-9},
 location = {Santa Clara, California, USA},
 pages = {212--221},
 numpages = {10},
 url = {http://doi.acm.org/10.1145/106972.106994},
 doi = {10.1145/106972.106994},
 acmid = {106994},
 publisher = {ACM},
 address = {New York, NY, USA},
} 


@article{Larowe:1991:ECM:118544.118546,
 author = {Larowe,Jr., Richard P. and Schlatter Ellis, Carla},
 title = {Experimental Comparison of Memory Management Policies for NUMA Multiprocessors},
 journal = {ACM Trans. Comput. Syst.},
 issue_date = {Nov. 1991},
 volume = {9},
 number = {4},
 month = nov,
 year = {1991},
 issn = {0734-2071},
 pages = {319--363},
 numpages = {45},
 url = {http://doi.acm.org/10.1145/118544.118546},
 doi = {10.1145/118544.118546},
 acmid = {118546},
 publisher = {ACM},
 address = {New York, NY, USA},
} 
@inproceedings{Bisiani:1990:PDS:325164.325121,
 author = {Bisiani, Roberto and Ravishankar, Mosur},
 title = {PLUS: A Distributed Shared-memory System},
 booktitle = {Proceedings of the 17th Annual International Symposium on Computer Architecture},
 series = {ISCA '90},
 year = {1990},
 isbn = {0-89791-366-3},
 location = {Seattle, Washington, USA},
 pages = {115--124},
 numpages = {10},
 url = {http://doi.acm.org/10.1145/325164.325121},
 doi = {10.1145/325164.325121},
 acmid = {325121},
 publisher = {ACM},
 address = {New York, NY, USA},
} 

@INPROCEEDINGS{301925,
author={D. L. Black and A. Gupta and W. D. Weber},
booktitle={Digest of Papers. COMPCON Spring 89. Thirty-Fourth IEEE Computer Society International Conference: Intellectual Leverage},
title={Competitive management of distributed shared memory},
year={1989},
pages={184-190},
keywords={buffer storage;multiprocessing systems;performance evaluation;storage management;virtual storage;Mach operating system;NUMA multiprocessor;distributed shared memory;hardware architectures;nonuniform-memory-access multiprocessors;replication;software programming models;Algorithm design and analysis;Application software;Computer architecture;Costs;Hardware;Memory architecture;Memory management;Operating systems;Production;Software algorithms},
doi={10.1109/CMPCON.1989.301925},
month={Feb},}

@INPROCEEDINGS{NUMAGrind,
author={R. Yang and J. Antony and A. Rendell and D. Robson and P. Strazdins},
booktitle={2011 IEEE International Parallel Distributed Processing Symposium},
title={Profiling Directed NUMA Optimization on Linux Systems: A Case Study of the Gaussian Computational Chemistry Code},
year={2011},
pages={1046-1057},
keywords={Linux;application program interfaces;cache storage;parallel processing;storage management;API;Gaussian computational chemistry code;Linux application programmer interface;Linux memory;Linux system;NUMA optimization;NUMA platform;NUMAgrind profiling tool;Valgrind binary translation framework;arbitrary NUMA topology;cache coherency;cache misses;memory locality domain;memory page;nonuniform memory access;parallel code;parallel performance;thread placement;Data structures;Hafnium;Hardware;Instruction sets;Linux;Radiation detectors;Resource management},
doi={10.1109/IPDPS.2011.100},
ISSN={1530-2075},
month={May},}

@ARTICLE{747866,
author={G. T. Byrd and M. J. Flynn},
journal={Proceedings of the IEEE},
title={Producer-consumer communication in distributed shared memory multiprocessors},
year={1999},
volume={87},
number={3},
pages={456-466},
keywords={cache storage;distributed shared memory systems;message passing;storage management;DSM multiprocessors;StreamLine;application kernel benchmarks;cache based locks;cache based message passing mechanism;common simulated architecture;communication latency;communication patterns;consumer initiated prefetch;data forwarding;distributed cache coherent systems;distributed shared memory multiprocessors;global shared memory;hardware based distributed shared memory;implicit schemes;message passing;network parameters;producer initiated mechanisms;producer-consumer communication;remote memory module;selective updates;shared memory abstraction;update based coherence;Convergence;Delay;Hardware;Hypercubes;Information retrieval;Kernel;Message passing;Prefetching;Read-write memory},
doi={10.1109/5.747866},
ISSN={0018-9219},
month={Mar},}

@article{Ballesteros:2012:NCM:2388076.2388077,
 author = {Ballesteros, Francisco J. and Evans, Noah and Forsyth, Charles and Guardiola, Gorka and McKie, Jim and Minnich, Ron and Soriano-Salvador, Enrique},
 title = {NIX: A Case for a Manycore System for Cloud Computing},
 journal = {Bell Lab. Tech. J.},
 issue_date = {September 2012},
 volume = {17},
 number = {2},
 month = sep,
 year = {2012},
 issn = {1089-7089},
 pages = {41--54},
 numpages = {14},
 url = {http://dx.doi.org/10.1002/bltj.21543},
 doi = {10.1002/bltj.21543},
 acmid = {2388077},
 publisher = {John Wiley \& Sons, Inc.},
 address = {New York, NY, USA},
} 


@inproceedings{Colmenares:2013:TRO:2463209.2488827,
 author = {Colmenares, Juan A. and Eads, Gage and Hofmeyr, Steven and Bird, Sarah and Moret\'{o}, Miquel and Chou, David and Gluzman, Brian and Roman, Eric and Bartolini, Davide B. and Mor, Nitesh and Asanovi\'{c}, Krste and Kubiatowicz, John D.},
 title = {Tessellation: Refactoring the OS Around Explicit Resource Containers with Continuous Adaptation},
 booktitle = {Proceedings of the 50th Annual Design Automation Conference},
 series = {DAC '13},
 year = {2013},
 isbn = {978-1-4503-2071-9},
 location = {Austin, Texas},
 pages = {76:1--76:10},
 articleno = {76},
 numpages = {10},
 url = {http://doi.acm.org/10.1145/2463209.2488827},
 doi = {10.1145/2463209.2488827},
 acmid = {2488827},
 publisher = {ACM},
 address = {New York, NY, USA},
 keywords = {adaptive resource management, multicore, parallel, performance isolation, quality of service, resource containers},
} 

@inproceedings{Detlefs:2004:GGC:1029873.1029879,
 author = {Detlefs, David and Flood, Christine and Heller, Steve and Printezis, Tony},
 title = {Garbage-first Garbage Collection},
 booktitle = {Proceedings of the 4th International Symposium on Memory Management},
 series = {ISMM '04},
 year = {2004},
 isbn = {1-58113-945-4},
 location = {Vancouver, BC, Canada},
 pages = {37--48},
 numpages = {12},
 url = {http://doi.acm.org/10.1145/1029873.1029879},
 doi = {10.1145/1029873.1029879},
 acmid = {1029879},
 publisher = {ACM},
 address = {New York, NY, USA},
 keywords = {concurrent garbrage collection, garbage collection, garbage-first garbage collection, parallel garbage collection, soft real-time garbage collection},
} 

@incollection{ObjectMitigation,
year={2006},
isbn={978-3-540-40927-4},
booktitle={Modular Programming Languages},
volume={4228},
series={Lecture Notes in Computer Science},
editor={Lightfoot, DavidE. and Szyperski, Clemens},
doi={10.1007/11860990_20},
title={Automatic Object Colocation Based on Read Barriers},
url={http://dx.doi.org/10.1007/11860990_20},
publisher={Springer Berlin Heidelberg},
author={Wimmer, Christian and Mössenböck, Hanspeter},
pages={326-345},
language={English}
}

@misc{GarbageCollectioninJVM,
  author = {John Coomes and Tony Printezis},
  title = {"Garbage Collection in the Java HotSpot Virtual Machine"},
  year = {2003},
  howpublished = "\url{http://www.oracle.com/technetwork/java/javase/tech/ts-3153-coomes-19899-dsf-150093.pdf/}"
}


@inproceedings{Cong:2013:MAH:2482767.2482777,
 author = {Cong, Guojing and Wen, Huifang},
 title = {Mapping Applications for High Performance on Multithreaded, NUMA Systems},
 booktitle = {Proceedings of the ACM International Conference on Computing Frontiers},
 series = {CF '13},
 year = {2013},
 isbn = {978-1-4503-2053-5},
 location = {Ischia, Italy},
 pages = {7:1--7:4},
 articleno = {7},
 numpages = {4},
 url = {http://doi.acm.org/10.1145/2482767.2482777},
 doi = {10.1145/2482767.2482777},
 acmid = {2482777},
 publisher = {ACM},
 address = {New York, NY, USA},
 keywords = {NUMA, binding, locality, multithreading},
} 

@inproceedings{Majo:2012:TLI:2342788.2342800,
 author = {Majo, Zoltan and Gross, Thomas R.},
 title = {A Template Library to Integrate Thread Scheduling and Locality Management for NUMA Multiprocessors},
 booktitle = {Proceedings of the 4th USENIX Conference on Hot Topics in Parallelism},
 series = {HotPar'12},
 year = {2012},
 location = {Berkeley, CA},
 pages = {12--12},
 numpages = {1},
 url = {http://dl.acm.org/citation.cfm?id=2342788.2342800},
 acmid = {2342800},
 publisher = {USENIX Association},
 address = {Berkeley, CA, USA},
} 

@inproceedings{Cho:2011:DFT:1999946.1999952,
 author = {Cho, Myong Hyon and Shim, Keun Sup and Lis, Mieszko and Khan, Omer and Devadas, Srinivas},
 title = {Deadlock-free Fine-grained Thread Migration},
 booktitle = {Proceedings of the Fifth ACM/IEEE International Symposium on Networks-on-Chip},
 series = {NOCS '11},
 year = {2011},
 isbn = {978-1-4503-0720-8},
 location = {Pittsburgh, Pennsylvania},
 pages = {33--40},
 numpages = {8},
 url = {http://doi.acm.org/10.1145/1999946.1999952},
 doi = {10.1145/1999946.1999952},
 acmid = {1999952},
 publisher = {ACM},
 address = {New York, NY, USA},
 keywords = {on-chip interconnection networks, thread migration protocols},
} 

@article{Su:2012:CPT:2381056.2381079,
 author = {Su, ChunYi and Li, Dong and Nikolopoulos, Dimitrios S. and Grove, Matthew and Cameron, Kirk and de Supinski, Bronis R.},
 title = {Critical Path-based Thread Placement for NUMA Systems},
 journal = {SIGMETRICS Perform. Eval. Rev.},
 issue_date = {September 2012},
 volume = {40},
 number = {2},
 month = oct,
 year = {2012},
 issn = {0163-5999},
 pages = {106--112},
 numpages = {7},
 url = {http://doi.acm.org/10.1145/2381056.2381079},
 doi = {10.1145/2381056.2381079},
 acmid = {2381079},
 publisher = {ACM},
 address = {New York, NY, USA},
 keywords = {NUMA, OpenMP, critical path, multicore processors, shared resource contention, thread placement},
} 

@inproceedings{Viring:2013:ATD:2443608.2443618,
 author = {Viring, Karl and Lee, Sangheon and Cho, Yeongon and Ryu, Soojung and Egger, Bernhard},
 title = {Application Task and Data Placement in Embedded Many-core NUMA Architectures},
 booktitle = {Proceedings of the 10th Workshop on Optimizations for DSP and Embedded Systems},
 series = {ODES '13},
 year = {2013},
 isbn = {978-1-4503-1905-8},
 location = {Shenzhen, China},
 pages = {37--44},
 numpages = {8},
 url = {http://doi.acm.org/10.1145/2443608.2443618},
 doi = {10.1145/2443608.2443618},
 acmid = {2443618},
 publisher = {ACM},
 address = {New York, NY, USA},
 keywords = {MPSoC, NUMA, SPM, data migration, data placement, embedded, image blurring, load balancing, many-core, reconfigurable processors, scheduling, seeded region growing, task placement},
} 

@inproceedings{Vance:2010:IME:2020373.2020379,
 author = {Vance, Megan and Kogge, Peter M.},
 title = {Introducing mNUMA: An Extended PGAS Architecture},
 booktitle = {Proceedings of the Fourth Conference on Partitioned Global Address Space Programming Model},
 series = {PGAS '10},
 year = {2010},
 isbn = {978-1-4503-0461-0},
 location = {New York, New York, USA},
 pages = {6:1--6:10},
 articleno = {6},
 numpages = {10},
 url = {http://doi.acm.org/10.1145/2020373.2020379},
 doi = {10.1145/2020373.2020379},
 acmid = {2020379},
 publisher = {ACM},
 address = {New York, NY, USA},
 keywords = {PGAS, distributed shared memory (DSM), multi-threaded architecture},
} 

@inproceedings{Piccoli:2014:CSS:2628071.2628077,
 author = {Piccoli, Guilherme and Santos, Henrique N. and Rodrigues, Raphael E. and Pousa, Christiane and Borin, Edson and Quint\~{a}o Pereira, Fernando M.},
 title = {Compiler Support for Selective Page Migration in NUMA Architectures},
 booktitle = {Proceedings of the 23rd International Conference on Parallel Architectures and Compilation},
 series = {PACT '14},
 year = {2014},
 isbn = {978-1-4503-2809-8},
 location = {Edmonton, AB, Canada},
 pages = {369--380},
 numpages = {12},
 url = {http://doi.acm.org/10.1145/2628071.2628077},
 doi = {10.1145/2628071.2628077},
 acmid = {2628077},
 publisher = {ACM},
 address = {New York, NY, USA},
 keywords = {data placement, memory topology, numa, static analysis},
} 

@inproceedings{Wilson:2001:DPP:582034.582067,
 author = {Wilson, Kenneth M. and Aglietti, Bob B.},
 title = {Dynamic Page Placement to Improve Locality in CC-NUMA Multiprocessors for TPC-C},
 booktitle = {Proceedings of the 2001 ACM/IEEE Conference on Supercomputing},
 series = {SC '01},
 year = {2001},
 isbn = {1-58113-293-X},
 location = {Denver, Colorado},
 pages = {33--33},
 numpages = {1},
 url = {http://doi.acm.org/10.1145/582034.582067},
 doi = {10.1145/582034.582067},
 acmid = {582067},
 publisher = {ACM},
 address = {New York, NY, USA},
 keywords = {CC-NUMA, TPC-C, dynamic page placement, migration, multiprocessor, replication},
} 



@article{Dashti:2013:TMH:2490301.2451157,
 author = {Dashti, Mohammad and Fedorova, Alexandra and Funston, Justin and Gaud, Fabien and Lachaize, Renaud and Lepers, Baptiste and Quema, Vivien and Roth, Mark},
 title = {Traffic Management: A Holistic Approach to Memory Placement on NUMA Systems},
 journal = {SIGARCH Comput. Archit. News},
 issue_date = {March 2013},
 volume = {41},
 number = {1},
 month = mar,
 year = {2013},
 issn = {0163-5964},
 pages = {381--394},
 numpages = {14},
 url = {http://doi.acm.org/10.1145/2490301.2451157},
 doi = {10.1145/2490301.2451157},
 acmid = {2451157},
 publisher = {ACM},
 address = {New York, NY, USA},
 keywords = {multicore, numa, operating systems, scheduling},
} 

@inproceedings{Matsuya:2014:ILC:2619287.2619294,
 author = {Matsuya, Takeshi and Kuga, Yohei and Yoshifuji, Hideaki and Van Meter, Rodney and Murai, Jun},
 title = {IP-NUMA for Low-latency Communication},
 booktitle = {Proceedings of The Ninth International Conference on Future Internet Technologies},
 series = {CFI '14},
 year = {2014},
 isbn = {978-1-4503-2942-2},
 location = {Tokyo, Japan},
 pages = {13:1--13:4},
 articleno = {13},
 numpages = {4},
 url = {http://doi.acm.org/10.1145/2619287.2619294},
 doi = {10.1145/2619287.2619294},
 acmid = {2619294},
 publisher = {ACM},
 address = {New York, NY, USA},
 keywords = {FPGA, IPC, NIC, NUMA, low-latency communication},
} 


@inproceedings{LaRowe:1991:RNM:121132.121158,
 author = {LaRowe,Jr., Richard P. and Ellis, Carla Schlatter and Kaplan, Laurence S.},
 title = {The Robustness of NUMA Memory Management},
 booktitle = {Proceedings of the Thirteenth ACM Symposium on Operating Systems Principles},
 series = {SOSP '91},
 year = {1991},
 isbn = {0-89791-447-3},
 location = {Pacific Grove, California, USA},
 pages = {137--151},
 numpages = {15},
 url = {http://doi.acm.org/10.1145/121132.121158},
 doi = {10.1145/121132.121158},
 acmid = {121158},
 publisher = {ACM},
 address = {New York, NY, USA},
} 

@inproceedings{LaRowe:1991:EOS:109625.109639,
 author = {LaRowe,Jr., Richard P. and Wilkes, James T. and Ellis, Carla S.},
 title = {Exploiting Operating System Support for Dynamic Page Placement on a NUMA Shared Memory Multiprocessor},
 booktitle = {Proceedings of the Third ACM SIGPLAN Symposium on Principles and Practice of Parallel Programming},
 series = {PPOPP '91},
 year = {1991},
 isbn = {0-89791-390-6},
 location = {Williamsburg, Virginia, USA},
 pages = {122--132},
 numpages = {11},
 url = {http://doi.acm.org/10.1145/109625.109639},
 doi = {10.1145/109625.109639},
 acmid = {109639},
 publisher = {ACM},
 address = {New York, NY, USA},
} 

@inproceedings{Piccoli:2014:CSS:2628071.2628077,
 author = {Piccoli, Guilherme and Santos, Henrique N. and Rodrigues, Raphael E. and Pousa, Christiane and Borin, Edson and Quint\~{a}o Pereira, Fernando M.},
 title = {Compiler Support for Selective Page Migration in NUMA Architectures},
 booktitle = {Proceedings of the 23rd International Conference on Parallel Architectures and Compilation},
 series = {PACT '14},
 year = {2014},
 isbn = {978-1-4503-2809-8},
 location = {Edmonton, AB, Canada},
 pages = {369--380},
 numpages = {12},
 url = {http://doi.acm.org/10.1145/2628071.2628077},
 doi = {10.1145/2628071.2628077},
 acmid = {2628077},
 publisher = {ACM},
 address = {New York, NY, USA},
 keywords = {data placement, memory topology, numa, static analysis},
} 

@misc{memcached,
 title = {"Pure python memcached client"},
 author = {  Sean Reifschneider}, 
 howpublished = {"\url{https://pypi.python.org/pypi/python-memcached}"},
 year={2013}
}

@misc{apachetest,
 title = {ab - Apache HTTP server benchmarking tool},
 author = {The Apache Software Foundation},
 howpublished = {"\url{https://httpd.apache.org/docs/2.4/programs/ab.html}"},
 year={2020}
}

@misc{sqlitetest,
 title = {How SQLite Is Tested},
 author = {SQL Developers.},
 howpublished = {"\url{https://www.sqlite.org/testing.html}"},
 year={2019}
}