@inproceedings{Sampler, 
author = {Sam Silvestro and 
Hongyu Liu and Tong Zhang and Changhee Jung and Dongyoon Lee and Tongping Liu},
  title = {PMU-based Sampling to Detect Memory Errors Latent in Production Software},
  booktitle = {``The 51st Annual IEEE/ACM International Symposium on Microarchitecture  (Micro'18)''},
}

@inproceedings{Guarder, 
author = {Sam Silvestro and 
Hongyu Liu and Tianyi Liu and Zhiqiang Lin and Tongping Liu},
  title = {Guarder: An Efficient Heap Allocator with Strongest and Tunable Security},
  booktitle = {Proceedings of The 27th USENIX Security Symposium  ({Security'18})},
  year = {2018}
}

@misc{umassdiversity,
  author = {UMass}, 
  title = {Diversity Matters: Data},
  howpublished = {\url{https://www.umass.edu/diversity/data-policies}},  
}

@misc{Debugregisters,
 title = {x86 debug register},
 author = "{Wikipedia}",
 howpublished = "\url{https://en.wikipedia.org/wiki/X86_debug_register}",
 year = {2018},
}


@inproceedings{CSOD,
 author = {Liu, Hongyu and Silvestro, Sam and Wang, Xiaoyin and Duan, Lide and Liu, Tongping},
 title = {CSOD: Context-sensitive Overflow Detection},
 booktitle = {Proceedings of the 2019 IEEE/ACM International Symposium on Code Generation and Optimization},
 series = {CGO 2019},
 year = {2019},
 isbn = {978-1-7281-1436-1},
 location = {Washington, DC, USA},
 pages = {50--60},
 numpages = {11},
 url = {http://dl.acm.org/citation.cfm?id=3314872.3314881},
 acmid = {3314881},
 publisher = {IEEE Press},
 address = {Piscataway, NJ, USA},
 keywords = {Memory Safety, Memory Vulnerabilities, Overflow Detection},
} 

@inproceedings{Pin,
 author = {Luk, Chi-Keung and Cohn, Robert and Muth, Robert and Patil, Harish and Klauser, Artur and Lowney, Geoff and Wallace, Steven and Reddi, Vijay Janapa and Hazelwood, Kim},
 title = {Pin: Building Customized Program Analysis Tools with Dynamic Instrumentation},
 booktitle = {Proceedings of the 2005 ACM SIGPLAN Conference on Programming Language Design and Implementation},
 series = {PLDI '05},
 year = {2005},
 isbn = {1-59593-056-6},
 location = {Chicago, IL, USA},
 pages = {190--200},
 numpages = {11},
 url = {http://doi.acm.org/10.1145/1065010.1065034},
 doi = {10.1145/1065010.1065034},
 acmid = {1065034},
 publisher = {ACM},
 address = {New York, NY, USA},
 keywords = {dynamic compilation, instrumentation, program analysis tools},
} 

@inproceedings{Coz,
 author = {Curtsinger, Charlie and Berger, Emery D.},
 title = {Coz: Finding Code That Counts with Causal Profiling},
 booktitle = {Proceedings of the 25th Symposium on Operating Systems Principles},
 series = {SOSP '15},
 year = {2015},
 isbn = {978-1-4503-3834-9},
 location = {Monterey, California},
 pages = {184--197},
 numpages = {14},
 url = {http://doi.acm.org/10.1145/2815400.2815409},
 doi = {10.1145/2815400.2815409},
 acmid = {2815409},
 publisher = {ACM},
 address = {New York, NY, USA},
} 

@inproceedings{Lattner:2004:LCF:977395.977673,
 author = {Lattner, Chris and Adve, Vikram},
 title = {LLVM: A Compilation Framework for Lifelong Program Analysis \& Transformation},
 booktitle = {Proceedings of the International Symposium on Code Generation and Optimization: Feedback-directed and Runtime Optimization},
 series = {CGO '04},
 year = {2004},
 isbn = {0-7695-2102-9},
 location = {Palo Alto, California},
 pages = {75--},
 url = {http://dl.acm.org/citation.cfm?id=977395.977673},
 acmid = {977673},
 publisher = {IEEE Computer Society},
 address = {Washington, DC, USA},
} 

@misc{waddington2014coupled,
  title={Coupled lock allocation and lookup for shared data synchronization in symmetric multithreading environments},
  author={Waddington, Daniel and Tongping, LIU and Tian, Chen},
  year={2014},
  month=oct # "~21",
  note={US Patent 8,868,849}
}


@INPROCEEDINGS{Foreseer,
author={J. Zou and J. Shi and T. Liu and Z. Cao and C. Wang},
booktitle={2015 IEEE 35th International Conference on Distributed Computing Systems},
title={Foreseer: Workload-Aware Data Storage for MapReduce},
year={2015},
pages={746-747},
doi={10.1109/ICDCS.2015.89},
ISSN={1063-6927},
month={June},}


@inproceedings{UnDead,
  author    = {Jinpeng Zhou and
               Sam Silvestro and
               Hongyu Liu and
               Yan Cai and
               Tongping Liu},
  title     = {{UNDEAD:} detecting and preventing deadlocks in production software},
  booktitle = {Proceedings of the 32nd {IEEE/ACM} International Conference on Automated
               Software Engineering, {ASE} 2017, Urbana, IL, USA, October 30 - November
               03, 2017},
  pages     = {729--740},
  year      = {2017},
  crossref  = {DBLP:conf/kbse/2017},
  url       = {http://dl.acm.org/citation.cfm?id=3155654},
  timestamp = {Mon, 30 Oct 2017 17:14:19 +0100},
  biburl    = {http://dblp.org/rec/bib/conf/kbse/ZhouSLCL17},
  bibsource = {dblp computer science bibliography, http://dblp.org}
}

@misc{codejam,
title ={Youth Code Jam | Learn To Code in San Antonio},
year={2016},
howpublished={\url{www.youthcodejam.org/}},
}

@misc{owasp,
title ={OWASP San Antonio},
year={2018},
howpublished={\url{https://www.owasp.org/index.php/San_Antonio}},
}


@inproceedings{USMM, 
author = {Silvestro, Sam and Yuen, Timothy T. and Crosser, Corey and Zhu, Dakai and Korkmaz, Turgay and Liu, Tongping},
 title = {A User Space-based Project for Practicing Core Memory Management Concepts},
 booktitle = {Proceedings of the 49th ACM Technical Symposium on Computer Science Education},
 series = {SIGCSE '18},
 year = {2018},
 isbn = {978-1-4503-5103-4},
 location = {Baltimore, Maryland, USA},
 pages = {98--103},
 numpages = {6},
 url = {http://doi.acm.org/10.1145/3159450.3159581},
 doi = {10.1145/3159450.3159581},
 acmid = {3159581},
 publisher = {ACM},
 address = {New York, NY, USA},
 keywords = {education, memory management, operating systems, user space project},
}


@techreport{iReplayer,
  author = {Hongyu Liu and Sam Silvestro and Tongping Liu},
  title = {IdealReplay: Identical and Efficient Record-and-Replay},
  booktitle = {``The 39th annual ACM SIGPLAN conference on Programming Language Design and Implementation  (PLDI'18)''},
}

@inproceedings{FreeGuard,
  author    = {Sam Silvestro and
               Hongyu Liu and
               Corey Crosser and
               Zhiqiang Lin and
               Tongping Liu},
  title     = {FreeGuard: {A} Faster Secure Heap Allocator},
  booktitle = {Proceedings of the 2017 {ACM} {SIGSAC} Conference on Computer and
               Communications Security, {CCS} 2017, Dallas, TX, USA, October 30 -
               November 03, 2017},
  pages     = {2389--2403},
  year      = {2017},
  crossref  = {DBLP:conf/ccs/2017},
  url       = {http://doi.acm.org/10.1145/3133956.3133957},
  doi       = {10.1145/3133956.3133957},
  timestamp = {Sat, 28 Oct 2017 18:38:40 +0200},
  biburl    = {http://dblp.org/rec/bib/conf/ccs/SilvestroLCLL17},
  bibsource = {dblp computer science bibliography, http://dblp.org}
}


@inproceedings{SyncPerf,
 author = {Alam, Mohammad Mejbah ul and Liu, Tongping and Zeng, Guangming and Muzahid, Abdullah},
 title = {SyncPerf: Categorizing, Detecting, and Diagnosing Synchronization Performance Bugs},
 booktitle = {Proceedings of the Twelfth European Conference on Computer Systems},
 series = {EuroSys '17},
 year = {2017},
 isbn = {978-1-4503-4938-3},
 location = {Belgrade, Serbia},
 pages = {298--313},
 numpages = {16},
 url = {http://doi.acm.org/10.1145/3064176.3064186},
 doi = {10.1145/3064176.3064186},
 acmid = {3064186},
 publisher = {ACM},
 address = {New York, NY, USA},
} 


@inproceedings{DoubleTake,
 author = {Liu, Tongping and Curtsinger, Charlie and Berger, Emery D.},
 title = {DoubleTake: Fast and Precise Error Detection via Evidence-based Dynamic Analysis},
 booktitle = {Proceedings of the 38th International Conference on Software Engineering},
 series = {ICSE '16},
 year = {2016},
 isbn = {978-1-4503-3900-1},
 location = {Austin, Texas},
 pages = {911--922},
 numpages = {12},
 url = {http://doi.acm.org/10.1145/2884781.2884784},
 doi = {10.1145/2884781.2884784},
 acmid = {2884784},
 publisher = {ACM},
 address = {New York, NY, USA},
 keywords = {buffer overflow detection, debugging, dynamic analysis, leak detection, software quality, testing, use-after-free detection},
} 

@inproceedings{Cheetah,
 author = {Liu, Tongping and Liu, Xu},
 title = {Cheetah: Detecting False Sharing Efficiently and Effectively},
 booktitle = {Proceedings of the 2016 International Symposium on Code Generation and Optimization},
 series = {CGO 2016},
 year = {2016},
 isbn = {978-1-4503-3778-6},
 location = {Barcelona, Spain},
 pages = {1--11},
 numpages = {11},
 url = {http://doi.acm.org/10.1145/2854038.2854039},
 doi = {10.1145/2854038.2854039},
 acmid = {2854039},
 publisher = {ACM},
 address = {New York, NY, USA},
 keywords = {Address Sampling, False Sharing, Lightweight Profiling, Multithreading, Performance Pre- diction},
} 


@inproceedings{Predator,
 author = {Liu, Tongping and Tian, Chen and Ziang, Hu and Berger, Emery D.},
 title = {Predator: Predictive False Sharing Detection},
 booktitle = {Proceedings of 19th ACM SIGPLAN Symposium on Principles and Practice of Parallel Programming},
 series = {PPOPP'14},
 year = {2014},
 publisher = {ACM},
 address = {New York, NY, USA},
} 

@inproceedings{Dthreads,
 author = {Liu, Tongping and Curtsinger, Charlie and Berger, Emery D.},
 title = {Dthreads: efficient deterministic multithreading},
 booktitle = {Proceedings of the Twenty-Third ACM Symposium on Operating Systems Principles},
 series = {SOSP '11},
 year = {2011},
 isbn = {978-1-4503-0977-6},
 location = {Cascais, Portugal},
 pages = {327--336},
 numpages = {10},
 url = {http://doi.acm.org/10.1145/2043556.2043587},
 doi = {http://doi.acm.org/10.1145/2043556.2043587},
 acmid = {2043587},
 publisher = {ACM},
 address = {New York, NY, USA},
} 

@inproceedings{Sheriff,
 author = {Liu, Tongping and Berger, Emery D.},
 title = {SHERIFF: precise detection and automatic mitigation of false sharing},
 booktitle = {Proceedings of the 2011 ACM international conference on Object oriented programming systems languages and applications},
 series = {OOPSLA '11},
 year = {2011},
 isbn = {978-1-4503-0940-0},
 location = {Portland, Oregon, USA},
 pages = {3--18},
 numpages = {16},
 url = {http://doi.acm.org/10.1145/2048066.2048070},
 doi = {http://doi.acm.org/10.1145/2048066.2048070},
 acmid = {2048070},
 publisher = {ACM},
 address = {New York, NY, USA},
 keywords = {false sharing, multi-threaded},
} 

@inproceedings{Grace,
 author = {Berger, Emery D. and Yang, Ting and Liu, Tongping and Novark, Gene},
 title = {Grace: safe multithreaded programming for C/C++},
 booktitle = {Proceeding of the 24th ACM SIGPLAN conference on Object oriented programming systems languages and applications},
 series = {OOPSLA '09},
 year = {2009},
 isbn = {978-1-60558-766-0},
 location = {Orlando, Florida, USA},
 pages = {81--96},
 numpages = {16},
 url = {http://doi.acm.org/10.1145/1640089.1640096},
 doi = {http://doi.acm.org/10.1145/1640089.1640096},
 acmid = {1640096},
 publisher = {ACM},
 address = {New York, NY, USA},
 keywords = {concurrency, determinism, deterministic concurrency, fork-join, sequential semantics},
} 

@inproceedings{Redline,
 author = {Yang, Ting and Liu, Tongping and Berger, Emery D. and Kaplan, Scott F. and Moss, J. Eliot B.},
 title = {Redline: first class support for interactivity in commodity operating systems},
 booktitle = {Proceedings of the 8th USENIX conference on Operating systems design and implementation},
 series = {OSDI'08},
 year = {2008},
 location = {San Diego, California},
 pages = {73--86},
 numpages = {14},
 url = {http://dl.acm.org/citation.cfm?id=1855741.1855747},
 acmid = {1855747},
 publisher = {USENIX Association},
 address = {Berkeley, CA, USA},
} 


@misc{FreeGuardCode,
  author = {Sam Silvestro, Hongyu Liu, Tongping Liu},
  title = {FreeGuard: A Faster Secure Heap Allocator},
  howpublished = "\url{https://github.com/UTSASRG/FreeGuard}",
  year = {2017}, 
}

@misc{UnDeadCode,
  author = {Jinpeng Zhou, Tongping Liu},
  title = {UnDead: Detecting and Tolerating Deadlocks in Production Software},
  howpublished = "\url{https://github.com/UTSASRG/UnDead}",
  year = {2017}, 
}

@misc{SyncPerfCode,
  author = {Mohammad Mejbah ul Alam, Tongping Liu, Guangming Zeng},
  title = {SyncPerf: Categorizing, Detecting, and Diagnosing Synchronization Performance Bugs},
  howpublished = "\url{https://github.com/UTSASRG/SyncPerf}",
  year = {2017}, 
}

@misc{DoubleTakeCode,
  author = {Tongping Liu, Charlie Curtsinger, Emery D. Berger},
  title = {DoubleTake: Fast and Precise Error Detection via Evidence-Based Dynamic Analysis},
  howpublished = "\url{https://github.com/UTSASRG/DoubleTake}",
  year = {2016}, 
}

@misc{CheetahCode,
  author = {Tongping Liu, Xu Liu},
  title = {Cheetah: Detecting False Sharing Efficiently and Effectively},
  howpublished = "\url{https://github.com/UTSASRG/Cheetah}",
  year = {2016}, 
}

@misc{PredatorCode,
  author = {Tongping Liu},
  title = {Predator: Predictive False Sharing Detection },
  howpublished = "\url{https://github.com/UTSASRG/Predator}",
  year = {2014}, 
}

@misc{DthreadsCode,
  author = {Tongping Liu, Charlie Curtsinger, Emery D. Berger},
  title = {Dthreads: Efficient Deterministic Multithreading},
  howpublished = "\url{https://github.com/UTSASRG/Dthreads}",
  year = {2011}, 
}

@misc{SheriffCode,
  author = {Tongping Liu},
  title = {Sheriff: Precise Detection and Automatic Mitigation of False Sharing},
  howpublished = "\url{https://github.com/UTSASRG/Sheriff}",
  year = {2011}, 
}

@inproceedings{Stabilizer,
  title={STABILIZER: statistically sound performance evaluation},
  author={Curtsinger, Charlie and Berger, Emery D},
  booktitle={ACM SIGPLAN Notices},
  volume={48},
  number={4},
  pages={219--228},
  year={2013},
  organization={ACM}
}


@patent{FreeGuardPatent,
  author = {Tongping Liu, Sam Silvestro, Hongyu Liu},
  title = {FreeGuard: },
  number = {62/577,636},
  year = {2017}, 
}

@patent{SyncPerfPatent,
  author = {Tongping Liu, Mohammad Mejbah ul Alam and Abdullah Muzahid},
  title = {Low-Overhead Detection Techniques for Synchronization Problems in Parallel and Concurrent Software},
  number = {62/658,784},
  year = {2018}, 
}


@patent{UnDeadPatent,
  author = {Tongping Liu, Jinpeng Zhou, Sam Silvestro, Hongyu Liu},
  title = {Defeating Deadlocks in Production Software},
  number = {62/571,436},
  year = {2017}, 
}




